2790 5152
667 386 729 450 129

139 585 173 648 in
197 585 312 649 Pansae
336 584 470 648 oratione
505 583 543 648 ad
579 583 739 648 Octavium
761 587 888 647 testatur
911 581 1107 646 Drumannus
1122 583 1173 665 l),
1198 580 1251 665 qui

139 716 228 780 porro
252 693 390 779 pluribus
415 695 480 759 aliis
503 694 577 758 locis
603 692 726 779 probat,
763 692 937 779 Appianum
960 713 1030 757 suas
1054 691 1250 776 cogitationes

139 803 288 888 verbaque
326 803 397 867 viris
432 802 618 890 principibus
653 801 794 866 tribuisse
824 807 913 887 atque
946 802 1091 866 orationes
1127 799 1249 864 omnino

138 935 199 977 non
234 911 350 977 habitas
383 908 465 999 operi
488 935 545 976 suo
579 912 739 976 inseruisse
749 913 789 995 2).
836 911 885 975 Sic
907 910 981 975 falsa
1004 933 1125 995 quoque
1149 933 1250 975 occur·

137 1029 210 1099 runt
232 1023 264 1086 in
288 1023 439 1088 Ciceronis
463 1029 493 1087 et
515 1023 635 1087 Pisonis
669 1021 853 1087 orationibus
886 1021 918 1084 in
955 1027 1061 1085 senatu
1084 1020 1193 1085 habitis
1207 1023 1249 1105 3).

137 1131 328 1217 Quamquam
351 1132 444 1217 igitur
467 1133 640 1219 Appianum
664 1133 831 1196 orationum
847 1137 1056 1216 argumentum
1071 1129 1249 1217 plerumque

136 1264 154 1305 e
189 1241 322 1327 probatis
354 1240 525 1306 auctoribus
554 1241 733 1306 desumsisse
764 1248 856 1327 puto,
880 1261 950 1304 eum
985 1247 1136 1305 oratorum
1168 1262 1249 1305 more

137 1351 234 1415 multa
257 1351 294 1414 de
320 1373 376 1416 suo
401 1351 570 1430 addidisse,
596 1374 683 1416 nemo
707 1351 793 1416 facile
818 1351 973 1437 negaverit
986 1353 1028 1434 4).

590 1551 805 1561 —a

243 1680 329 1763 Quae
353 1681 501 1769 disputavi
525 1684 552 1748 si
575 1683 607 1747 in
623 1705 719 1747 unum
734 1682 863 1768 colligo,
880 1683 982 1768 negari
999 1682 1121 1768 quidem
1136 1684 1248 1769 nequit,

139 1791 270 1877 Appiani
302 1793 384 1879 operi
413 1816 522 1879 magna
555 1794 651 1857 inesse
687 1793 776 1870 vitia,
803 1815 879 1877 quae
902 1791 1051 1879 probant,
1075 1793 1248 1878 scriptorem

138 1924 327 1965 communem
361 1903 519 1966 hominum
554 1910 664 1966 sortem
699 1902 817 1966 errandi
844 1924 907 1966 non
939 1901 1080 1987 effugasse
1091 1951 1101 1980 ‚
1141 1901 1194 1966 sed
1217 1925 1251 1966 ea

138 2011 248 2075 maiore
272 2034 309 2075 cx
332 2018 416 2097 parte
435 2012 636 2097 temporibus,
653 2011 763 2096 quibus
779 2011 874 2090 vixit,
893 2011 1052 2076 tribuenda
1069 2034 1133 2077 esse
1150 2011 1248 2076 credo.

140 2119 210 2201 Quo
246 2121 340 2206 magis
376 2121 408 2185 in
439 2143 475 2185 eo
503 2120 638 2185 miranda
672 2122 745 2186 fides
780 2145 799 2184 a
821 2121 1030 2207 praeiudicatis
1055 2120 1248 2207 opinionibus

108 2300 114 2307 ⁵
138 2229 255 2308 aliena,
278 2230 443 2310 iudicium,
468 2231 621 2317 diligentia
644 2238 733 2316 atque
756 2231 894 2316 egregius
909 2231 1003 2294 animi
1026 2231 1152 2309 candor,
1176 2252 1247 2314 qua·

138 2362 206 2403 rum
230 2340 375 2404 virtutum
398 2341 470 2405 satis
494 2342 744 2406 documentorum
767 2341 955 2406 offendimus.
992 2341 1133 2406 Ceterum
1158 2339 1249 2404 alec·

139 2447 256 2512 toribus
280 2448 447 2528 decedens,
482 2472 530 2514 me
558 2451 590 2514 in
621 2457 684 2515 tota
707 2451 763 2514 hac
798 2450 1005 2535 disquisitione
1038 2451 1249 2535 qualicumque

138 2557 261 2621 tandem
284 2558 371 2622 unice
394 2559 455 2623 reri
479 2560 579 2623 studio
599 2560 725 2624 ductum
743 2560 851 2638 fuisse,
866 2558 972 2624 lubens
988 2559 1150 2645 profiteor:
1174 2583 1249 2624 num

137 2688 206 2730 vero
242 2666 417 2752 gravissimo
449 2675 634 2754 argumento·
649 2669 773 2755 dignam
798 2669 964 2754 scripserim
989 2668 1246 2758 disputationem,

138 2775 327 2841 vehementer
350 2776 464 2843 dubito.
511 2778 576 2864 Ego
600 2780 680 2843 enim
700 2779 779 2843 edidi
798 2801 873 2863 quae
896 2778 1001 2862 potui,
1023 2800 1083 2841 non
1102 2785 1136 2841 ut
1156 2781 1246 2844 volui·

191 3960 214 4023 1)
250 3959 282 4012 Β.
301 3962 326 4012 C.
346 3961 397 4021 ΙΙΙ,
417 3958 456 4012 te.
474 3987 508 3999 --
526 3964 563 4011 cf.
583 3962 684 4015 Drum.
703 3960 728 4021 Ι,
746 3979 771 4028 p.
789 3963 846 4011 325.

190 4049 214 4108 2)
249 4047 283 4097 Β.
306 4045 330 4096 C.
350 4047 392 4104 11,
411 4048 456 4105 50,
476 4050 515 4095 51.
535 4049 571 4096 cf.
591 4048 692 4096 Drum.
711 4047 768 4105 ΙΙΙ,
786 4048 885 4111 pesa,
904 4052 953 4096 not.
971 4048 1012 4097 49.
1031 4072 1063 4085 ·—
1081 4046 1180 4098 Drum.
1194 4050 1242 4110 ΙΙΙ,

138 4145 161 4194 p.
173 4128 237 4188 752,
252 4134 299 4179 not.
318 4127 346 4189 7;
365 4130 414 4189 ΙΙΙ,
432 4148 456 4196 p.
476 4133 532 4181 550.
549 4157 584 4169 -
602 4129 634 4180 B.
650 4130 729 4188 un,
748 4128 792 4188 72,
812 4129 853 4179 ubi
872 4131 943 4179 verba
960 4131 1072 4181 differunt
1089 4150 1102 4181 a
1120 4133 1243 4185 Lucano

138 4215 200 4273 vll,
220 4215 276 4264 342.
313 4215 350 4264 Ct.
368 4215 471 4264 Drum.
490 4214 549 4273 ΙΙΙ,
566 4232 590 4280 p.
610 4216 675 4274 513,
694 4219 742 4263 not.
761 4215 801 4264 30.

189 4303 217 4360 ³)
252 4298 286 4347 Β.
307 4297 333 4347 C.
352 4297 411 4356 ΙΙΙ,
431 4299 515 4348 ΙΙΙ-60.
532 4324 567 4335 -
592 4299 636 4348 Off.
656 4299 715 4348 Cio.
735 4297 802 4347 Plu'l.
822 4298 882 4355 VII,
900 4302 916 4346 4
934 4303 958 4347 et
974 4300 1076 4349 Drum.
1095 4303 1124 4361 Ι,
1142 4319 1165 4367 p.
1185 4305 1242 4352 240.

188 4385 213 4442 4)
248 4384 285 4432 Cf.
312 4382 412 4446 Eggcr
439 4399 462 4447 p.
482 4383 546 4431 261:
583 4383 660 4440 „Saus
682 4383 710 4431 de
734 4398 799 4430 raras
823 4383 958 4446 crccptious
982 4383 999 4432 d
1028 4386 1079 4433 faut
1101 4402 1187 4450 ringor
1209 4387 1243 4435 lca

138 4463 269 4529 harangues
295 4467 316 4515 d'
329 4467 421 4532 Appicn
447 4466 506 4515 dans
531 4465 555 4514 la
581 4466 655 4515 classa
681 4466 721 4514 dos
746 4482 884 4527 monsougrcs
902 4465 1019 4516 sutoriae's
1035 4484 1080 4532 par
1097 4469 1131 4518 las
1149 4470 1194 4518 lois
1211 4471 1243 4518 du

138 4564 209 4610 genre
227 4548 359 4614 historique
379 4550 435 4599 cher
453 4550 487 4598 les
505 4550 624 4599 aucicna.”

1073 4656 1091 4711 9
