2790 5152
693 266 713 329 6

148 465 268 532 tarcbus
283 467 314 551 1)
354 464 481 530 eundem
517 464 657 551 neglexit
717 465 874 552 Appianas
907 488 976 532 eum
1012 489 1066 532 nec
1110 468 1262 548 nominat,

146 599 202 642 nec
226 575 399 640 adhibuisse
422 575 562 655 videtur,
592 573 740 660 siquidem
763 598 780 639 e
807 575 927 640 duobus
951 577 1093 642 Sisennae
1116 577 1261 662 fragmen·

145 689 184 752 tis
216 686 293 752 nihil
321 686 402 773 apud
436 708 505 751 cum
527 685 683 772 reperitur.
734 685 839 750 Altero
863 687 984 751 illorum
1007 687 1144 753 locorum
1163 688 1262 774 agitur

145 798 184 862 de
208 796 332 861 ostentis
357 794 558 881 quibusdam,
580 795 668 859 initio
692 793 765 859 belli
781 795 937 861 Marsicia
960 797 1084 862 Sisenna
1100 797 1197 864 allatis
1211 802 1261 885 9),

145 907 238 973 altero
266 912 364 972 autem
398 905 435 970 de
462 905 558 969 milite
592 904 792 992 Pompeiano,
823 905 854 970 in
883 906 997 992 proelio
1033 906 1113 992 apud
1144 915 1262 996 portam

144 1015 295 1081 Collinam
321 1016 441 1080 fratrem
466 1036 555 1079 suum
566 1063 576 1095 ,
599 1015 670 1080 dein
695 1015 815 1100 cognito
838 1014 969 1080 facinore
993 1039 1025 1081 se
1048 1017 1149 1104 ipsum
1171 1018 1261 1083 inter·

142 1125 263 1190 ficiente
275 1127 317 1211 3).

236 1235 380 1300 Sisennae
412 1234 549 1320 aequales
583 1233 706 1298 fuerunt
740 1233 893 1299 annalium
924 1234 1082 1321 scriptores
1115 1236 1259 1302 Valerius

142 1345 251 1410 Antias
283 1351 313 1410 et
336 1344 375 1427 Q.
392 1344 537 1410 Claudius
554 1343 770 1429 Quadrigarius
784 1345 834 1429 4),
858 1366 987 1429 quorum
1006 1344 1147 1432 operibus
1166 1345 1261 1431 Appi·

142 1476 237 1518 anum
260 1474 351 1519 usum
383 1477 447 1519 esse
470 1478 486 1519 e
509 1454 595 1518 nullo
625 1453 736 1519 indicio
761 1453 864 1540 colligi
891 1461 1000 1540 potest.
1045 1456 1127 1522 Nam
1152 1462 1260 1521 neuter

141 1585 272 1649 nsquam
302 1565 336 1628 in
371 1564 435 1629 eius
470 1563 554 1628 libris
589 1563 782 1643 nominatur,
817 1586 873 1629 nec
903 1565 1087 1650 fragmenta,
1121 1587 1199 1651 quae
1221 1586 1260 1629 ex

141 1695 246 1738 eorum
274 1672 435 1738 annalibus
465 1679 580 1737 servata
610 1679 701 1751 sunt,
726 1672 763 1737 ad
801 1673 990 1739 collationem
1024 1672 1160 1740 adhiberi
1190 1696 1259 1761 pos·

142 1789 224 1847 sunt
270 1782 321 1848 sio
345 1782 564 1868 Quadrigarius
587 1784 620 1847 in
644 1783 775 1867 quodam
797 1783 979 1869 fragmento,
1003 1791 1124 1849 auctore
1142 1783 1258 1869 Popma

140 1892 180 1956 ad
202 1890 315 1956 bellum
339 1893 448 1957 sociale
470 1894 639 1979 pertinente
657 1894 705 1976 5),
729 1891 901 1978 exemplum
924 1892 994 1957 fidei
1014 1893 1145 1958 duomm
1161 1915 1258 1958 servo·

140 2024 209 2066 rum
247 2025 285 2067 ex
318 2001 392 2067 urbe
429 2001 596 2067 Grumento
626 2025 696 2086 erga
725 2001 878 2066 dominam
909 2024 994 2067 suam
1029 2008 1129 2067 narrat
1141 2053 1150 2083 ,
1174 2003 1256 2089 quod

140 2113 300 2200 Appiano,
332 2111 402 2176 licet
434 2111 594 2176 Grumenti
624 2111 810 2175 obsidionem
844 2112 973 2197 attingat
991 2114 1040 2198 6),
1067 2113 1257 2199 incognitum

141 2228 195 2287 est.
235 2221 425 2287 Censuerunt
448 2220 570 2306 quidem
593 2220 722 2284 Vossius
746 2226 776 2284 et
799 2220 1093 2306 Schweighaeuserus
1109 2225 1160 2307 Ι),
1175 2222 1253 2288 Pan·

142 2332 207 2397 lum
227 2331 405 2410 Claudiurn,
426 2331 478 2416 qui
496 2330 533 2395 ab
550 2331 690 2418 Appiano
710 2331 742 2395 in
761 2330 850 2395 rebus
871 2330 996 2396 Gallicis
1008 2332 1044 2396 fr.
1062 2335 1082 2396 3
1099 2332 1256 2411 laudatur,

66 2441 73 2454 '
127 2441 270 2510 'eundem
293 2465 357 2507 esse
380 2464 415 2507 ac
439 2440 689 2526 Quadrigarium,
714 2442 767 2507 sed
788 2442 950 2528 quominus
973 2442 1011 2506 iis
1035 2443 1259 2520 assentiamur,

138 2553 281 2642 probibet
303 2575 373 2619 cum
396 2551 587 2638 Quadrigarii
609 2574 788 2640 praenomen
820 2551 979 2634 „Quintus
991 2552 1020 2631 ,’'
1043 2559 1108 2618 tum
1132 2553 1256 2620 Krausii

140 2666 300 2744 auctoritas
319 2666 371 2750 8),
395 2671 530 2728 tumvero
554 2662 682 2727 aliorum
705 2663 738 2726 in
758 2662 816 2728 alia
835 2664 935 2728 omnia
955 2662 1172 2728 discedentium
1194 2665 1257 2751 opi·

139 2778 244 2841 niones
260 2777 301 2861 9).
338 2775 478 2840 Ceterum
501 2772 652 2838 annalium
673 2772 796 2836 illorum
820 2779 1049 2858 argumentum,
1068 2773 1179 2859 quippe
1203 2776 1257 2860 qui

139 2885 242 2952 eadem
264 2891 398 2970 tempora
420 2883 528 2971 partim
553 2881 845 2968 comprehenderint,
868 2905 930 2946 non
950 2883 1156 2969 impedivisse,
1181 2906 1254 2969 quo·

142 2995 243 3059 minus
266 2995 424 3081 Appianas
449 3015 499 3057 eos
523 2991 572 3056 blo
596 2998 790 3076 sequeretur,
813 2992 1004 3056 notissimum
1028 3000 1073 3057 est
1092 2995 1154 3078 16).

241 3105 347 3188 Aeque
369 3103 517 3167 incertum
541 3107 605 3179 cst,
630 3123 703 3164 num
726 3100 866 3187 Appiano
890 3101 1012 3166 Luculli
1036 3102 1159 3166 historia
1183 3101 1255 3168 belli

139 3215 283 3294 Marsici,
320 3214 432 3278 Graece
472 3212 637 3299 composita
654 3213 729 3296 11),
756 3212 921 3297 profuerit,
947 3212 1028 3297 quod
1060 3219 1160 3276 tamen
1192 3236 1254 3278 non

140 3323 294 3405 credibile,
318 3345 413 3408 quum
435 3328 510 3387 teste
533 3321 673 3386 Heereno
709 3343 804 3405 neque
837 3320 1016 3386 Plutarchus
1040 3321 1138 3386 multa
1160 3345 1196 3387 ex
1220 3347 1255 3388 ea

135 3550 138 3556 ,
175 3501 199 3561 1)
217 3500 300 3550 Plut.
318 3497 413 3550 Lucull.
432 3499 456 3548 1.
472 3524 506 3536 -
524 3497 561 3548 cf.
583 3498 706 3557 Heeren‚
723 3515 747 3564 p.
767 3497 816 3555 98,
838 3498 903 3557 119,
921 3501 970 3547 not.
993 3514 1016 3547 a.

173 3587 197 3648 9)
233 3586 293 3636 Cic.
313 3584 342 3634 dc
359 3584 449 3634 Diria.
466 3584 492 3644 I,
511 3585 552 3632 44.
570 3611 605 3623 -
623 3585 660 3634 ef.
680 3583 765 3632 Oros.
785 3581 822 3642 V,
841 3583 881 3632 18.

172 3672 197 3732 3)
231 3671 327 3720 Tacit.
345 3670 414 3720 Har.
431 3670 488 3729 III,
507 3670 546 3718 51.
563 3695 598 3707 -
616 3669 659 3717 cn.
677 3668 740 3717 Liv.
759 3684 798 3731 ep.
817 3665 849 3718 79
868 3671 891 3717 et
909 3667 996 3719 Oros.
1015 3667 1047 3728 V,
1068 3670 1120 3729 19,
1139 3668 1250 3734 quinon·

137 3755 199 3805 nihil
216 3755 279 3805 inter
296 3770 321 3804 se
339 3755 482 3820 discrepant.
819 3746 820 3749 '

171 3842 196 3902 4)
231 3839 307 3889 Vell.
326 3839 369 3898 ΙΙ,
384 3839 504 3888 9.-(111.
522 3838 642 3887 Lachm.
661 3835 690 3884 da
700 3840 767 3903 font.
786 3837 841 3887 Lis.
873 3837 965 3886 Conna.
989 3836 1025 3884 11.
1043 3851 1066 3900 p.
1089 3835 1137 3894 99,
1157 3835 1188 3883 94
1206 3851 1250 3899 sq.;

137 3925 273 3983 Krause,
290 3941 314 3990 p.
334 3924 399 3982 943,
417 3939 469 3988 sq.;
488 3939 512 3988 p.
531 3924 579 3972 966
598 3939 650 3987 sq.;
668 3922 769 3981 Bithr,
786 3938 810 3987 p.
830 3921 878 3979 23;
896 3920 980 3970 Nieb.
1010 3920 1083 3969 Vortr.
1100 3935 1124 3983 p.
1143 3918 1192 3978 30,
1211 3919 1251 3968 39.

172 4009 197 4070 ὅ)
231 4005 573 4072 Kranae,p.260,261.
643 4007 668 4068 6)
702 4007 773 4070 App.
791 4004 833 4054 41.

172 4091 196 4155 7)
231 4092 400 4158 Schweigh.
419 4091 539 4150 Eaerrit,
557 4107 580 4156 p.
592 4092 640 4150 65;
654 4091 702 4149 66,
721 4095 770 4138 not.
789 4089 860 4138 etad
877 4090 947 4155 App.
965 4088 1021 4146 ΙΙΙ,
1039 4103 1062 4152 p.
1076 4084 1135 4137 179.

171 4179 195 4239 8)
230 4178 365 4236 Kranae,
382 4193 406 4242 p.
425 4177 490 4235 913,
510 4177 575 4234 945,
593 4180 643 4225 not.

170 4263 194 4322 9)
228 4262 348 4311 Lacbm.
366 4260 408 4319 ΙΙ,
427 4264 475 4309 not.
494 4264 518 4309 4.
543 4287 578 4298 ν-
595 4261 724 4317 Kranae,
743 4275 766 4324 p.
786 4260 841 4308 913.

153 4347 193 4405 16)
229 4347 272 4396 Off.
292 4346 419 4411 scriptores
438 4351 525 4395 recent.
544 4344 607 4393 laud.
643 4348 692 4393 not.
711 4347 734 4392 4.

155 4431 195 4490 11)
231 4431 311 4480 Plut.
332 4427 425 4480 anull.
447 4431 468 4478 1.
486 4455 520 4468 ·-
539 4430 599 4478 Cic.
618 4426 654 4477 acl
671 4429 720 4478 dte.
741 4427 768 4485 Ι,
790 4429 828 4475 19.
845 4452 879 4464 -··
894 4426 991 4483 Bait,
1008 4441 1035 4489 p.
1052 4424 1091 4472 96.
