2790 5152
675 161 718 226 38

141 355 246 421 refuto.
294 360 466 445 Appianum
491 360 569 424 infra
593 361 809 445 comperiemus
832 361 970 445 prodigia
986 367 1047 425 tam
1063 384 1128 426 raro
1145 383 1254 424 memo-

142 488 223 532 rasse
234 518 243 547 ,
268 475 304 533 ut
326 470 352 534 si
377 470 444 555 quis
469 470 541 534 hinc
565 469 768 534 demonstrare
792 469 883 548 velit,
908 492 1062 534 eumcum
1083 471 1169 536 Livio
1187 495 1255 536 con-

140 577 271 662 spirare,
294 601 413 665 operam
437 579 550 665 perdat.
597 580 638 644 Et
662 580 744 664 quod
768 579 806 643 ad
821 578 931 646 Dionis
959 580 1041 644 locos
1074 604 1147 645 curn>
1167 583 1254 646 Livio

141 691 360 754 consentientes
384 690 511 768 attinet,
535 690 591 754 hos
620 690 738 776 saepius
767 712 828 753 non
847 689 928 775 apud
948 690 1121 775 Appianum
1137 691 1180 756 ita
1194 691 1255 777 legi

140 797 249 876 fateor,
274 799 326 863 sed
350 799 522 863 discrimina
546 798 694 863 eiusmodi
717 798 798 862 haud
823 821 940 877 moror,
964 822 1082 863 mecum
1102 808 1254 885 reputans,

140 908 219 971 Livii
243 930 319 994 opus
344 916 405 973 tam
429 909 582 994 prolixum
605 909 718 987 fuisse,
742 916 777 973 ut
802 909 879 973 alius
903 909 961 973 alia
985 933 1021 973 ex
1046 932 1081 973 eo
1098 932 1254 994 excerpere

143 1017 283 1102 potuerit.
318 1018 427 1102 Neque
451 1024 553 1082 tamen
576 1017 644 1082 ideo
668 1041 833 1082 asseverare
849 1018 1005 1097 volumus,
1030 1018 1256 1082 similitudinem

140 1127 218 1191 inter
241 1128 416 1214 Appianum
440 1134 470 1192 et
492 1129 613 1192 Livium
637 1135 751 1192 tantam
767 1151 851 1207 esse,
871 1135 906 1192 ut
926 1129 1004 1192 Livii
1023 1151 1099 1214 opus
1120 1129 1153 1192 in
1172 1128 1254 1191 illius

140 1235 225 1301 libris
249 1244 398 1302 servatum
422 1261 485 1302 esse
509 1239 720 1302 existimemus.
768 1239 883 1303 Verum
908 1239 1058 1303 enimvero
1079 1238 1253 1324 Appianum

141 1368 211 1411 cum
240 1369 275 1411 eo
305 1348 482 1427 concinere,
505 1347 628 1433 insuper
652 1372 668 1412 e
691 1348 783 1412 Floro
808 1354 897 1432 atque
934 1370 970 1412 ex
995 1349 1104 1413 Oresio
1130 1346 1255 1434 probare

141 1477 311 1541 possumus.
335 1456 431 1519 Tanta
448 1456 529 1520 enim
540 1457 646 1521 Livius
664 1458 841 1542 posteriores
866 1457 1023 1542 scriptores
1043 1458 1141 1521 tenuit
1156 1461 1256 1519 auoto-

141 1565 249 1644 ritate,
273 1567 526 1651 quemadmodum
547 1567 680 1631 ostendit
699 1567 898 1631 Wilmansius
910 1570 964 1652 1),
980 1574 1015 1631 ut
1036 1565 1256 1652 quodammodo

143 1674 312 1761 deperditos
349 1677 412 1740 eius
448 1676 540 1740 libros
577 1683 781 1761 compensent.
838 1677 923 1740 Inter
947 1699 1023 1762 quos
1047 1699 1118 1762 prae
1151 1673 1256 1738 ceteris

142 1785 345 1850 nominandus
368 1786 487 1850 Florus.
533 1786 615 1871 Nam
646 1809 741 1872 quum
773 1786 840 1850 aliis
865 1787 924 1851 alia
958 1784 1151 1850 afferentibus
1187 1783 1255 1848 Flo·

143 1917 196 1959 rus
211 1897 246 1980 2)
276 1903 307 1960 et
336 1897 495 1982 Appianus
510 1899 542 1981 3)
578 1903 776 1981 congruenter
805 1897 940 1974 tradant,
962 1893 1121 1960 Caesarem
1144 1895 1257 1959 Romae
1307 1971 1310 1977 ,

143 2005 288 2069 aerarium
312 2012 457 2084 sanctum,
482 2007 553 2091 quia
565 2007 679 2070 tardius
692 2007 841 2092 aperirent
853 2004 977 2084 tribuni,
996 2006 1118 2070 iussisse
1132 2005 1257 2088 effringi,

142 2135 177 2178 ao
213 2111 351 2179 Caesaris
387 2122 484 2180 castra
506 2116 538 2179 in
562 2115 711 2202 Hispania
735 2117 812 2180 fame
839 2122 951 2180 tentata
975 2138 1056 2194 esse,
1081 2115 1123 2179 ita
1147 2121 1182 2177 ut
1205 2113 1257 2177 ob-

143 2245 241 2287 sessor
264 2223 329 2309 ipse
354 2225 440 2309 quasi
464 2223 671 2303 obsideretur,
695 2231 748 2289 aut
774 2246 868 2309 quum
892 2223 980 2288 ambo
1005 2223 1042 2287 de
1060 2221 1202 2288 Curionis
1224 2223 1256 2287 in

143 2332 246 2397 Africa
268 2331 407 2398 bellantis
432 2335 540 2398 virtute
562 2339 592 2397 et
609 2334 775 2398 calamitate
796 2333 966 2418 conspirent
978 2336 1034 2417 4),
1054 2340 1106 2398 aut
1123 2333 1257 2398 Caesaris

144 2443 225 2507 vocis
258 2444 354 2528 „quid
389 2445 502 2509 times?
534 2445 689 2509 Caesarem
713 2443 822 2509 vehis''
844 2444 979 2508 unanimi
1002 2445 1189 2508 meminerint
1204 2445 1254 2527 5),

143 2553 211 2636 quis
247 2553 380 2633 dubitet,
420 2578 460 2618 an
491 2560 616 2639 uterque
651 2555 695 2619 ibi
727 2555 815 2618 toties
851 2555 972 2618 Livium
1000 2553 1258 2639 transscripserit?

145 2663 253 2748 Itaque
284 2687 384 2730 nonne
419 2666 485 2729 iure
517 2665 633 2744 omnia,
666 2687 741 2749 quae
765 2665 802 2728 ad
830 2663 954 2728 verbum
976 2665 1037 2728 fere
1060 2665 1092 2728 in
1115 2664 1206 2728 Floro
1231 2670 1260 2727 et

146 2775 290 2859 Appiano
325 2781 518 2860 congruunt,
537 2775 616 2838 Livii
640 2774 804 2859 fragmenta
828 2797 892 2839 esse
916 2773 1117 2838 ooniieimus?
1145 2774 1259 2859 Negari

148 2883 270 2968 quidem
292 2884 416 2968 nequit,
441 2884 577 2970 potuisse
600 2883 724 2948 Flomm
752 2884 853 2969 ipsum
877 2882 914 2946 ab
939 2884 1080 2969 Appiano
1104 2885 1135 2947 in
1160 2891 1259 2969 partes

144 2994 263 3072 vocari,
301 2993 353 3057 sed
385 3016 477 3078 quum
519 3016 556 3056 ex
592 2993 675 3057 fonte
710 2994 825 3078 integro
864 2993 984 3057 haurire
1009 2993 1035 3056 ei
1060 2993 1179 3071 liceret,
1204 3016 1258 3056 cur

144 3103 276 3168 rivulum
299 3102 465 3168 derivatum
488 3125 614 3188 eumque
638 3104 754 3188 saepius
778 3102 928 3167 turbatum
951 3103 1059 3167 adiisse
1085 3126 1152 3168 eum
1176 3110 1258 3188 pute·

144 3213 235 3278 mus?
282 3211 330 3276 De
365 3212 438 3276 locis
470 3213 591 3277 tandem
622 3213 725 3277 Orosii
751 3236 817 3277 oum
840 3213 980 3299 Appiano
1006 3211 1259 3277 consentientibus

144 3323 224 3388 idem
247 3328 335 3407 atque
358 3322 436 3408 apud
460 3322 582 3387 Florum
606 3323 694 3388 valet.
732 3324 781 3388 Sic
805 3323 962 3408 Appianus
979 3330 1142 3402 memorat,
1166 3345 1259 3408 popu·

146 3434 209 3499 lum
237 3432 370 3498 Caesaris
400 3454 506 3517 corpus
540 3433 691 3518 congestis
717 3433 865 3498 subselliis
890 3439 920 3497 et
944 3433 1086 3518 quidquid
1110 3433 1259 3518 lignorum

148 3731 248 3789 XLIII,
266 3733 314 3790 38,
333 3732 362 3779 dc
379 3731 488 3780 incendio
506 3730 666 3779 bibliothecae
683 3732 856 3782 Alexandrinae
873 3733 934 3780 Liv.
953 3749 996 3797 op.
1009 3729 1125 3782 Senecam
1138 3729 1167 3778 dc
1178 3738 1256 3792 aanq.

146 3832 185 3864 aa.
205 3831 224 3864 c.
244 3816 259 3864 9
277 3831 332 3864 cum
350 3814 449 3863 Dione
472 3813 553 3872 XLII,
572 3815 621 3872 38;
649 3815 677 3863 de
696 3815 759 3864 Varo
777 3821 801 3865 et
819 3816 923 3865 Curione
948 3818 1011 3866 Liv.
1035 3833 1075 3883 ap.
1100 3806 1174 3864 schol.
1198 3815 1260 3864 Gro-

148 3900 246 3948 nom'an.
265 3899 291 3947 in
310 3898 385 3948 Cicer.
407 3908 467 3948 orat.
485 3915 529 3962 pro
547 3898 649 3963 Liparis
659 3935 666 3958 ,
687 3900 772 3959 Orell,
791 3918 813 3965 p.
834 3888 898 3981 415)
911 3918 966 3950 cum
981 3903 1068 3950 Dion.
1086 3900 1157 3958 XLI,
1175 3902 1216 3947 42,

183 3985 207 4044 1)
242 3983 570 4047 Wilmans,p.18,19.

182 4069 206 4130 2)
240 4068 323 4116 Flor.
342 4066 391 4124 IV,
407 4068 438 4125 2,
457 4068 497 4116 21.
526 4068 569 4116 eff.
587 4068 644 4116 Dio
663 4069 731 4126 XLI,
753 4067 785 4118 17
805 4075 829 4117 ct
847 4068 932 4118 Oros.
952 4069 993 4126 Vl,
1014 4069 1097 4115 15.-
1114 4067 1195 4116 Flor.
1209 4067 1260 4124 IV,

152 4154 181 4212 2,
197 4151 236 4203 27.
251 4153 288 4200 Cf.
306 4151 362 4199 Dio
381 4151 451 4209 XLI,
472 4152 511 4200 22.
597 4154 621 4212 3)
657 4154 728 4217 App.
748 4154 796 4210 41,
816 4153 855 4200 42.

181 4241 207 4299 4)
242 4237 322 4285 I'lor.
342 4236 390 4293 IV,
410 4236 438 4294 2,
458 4237 497 4285 34.
516 4263 550 4272 —-
567 4239 637 4302 App.
656 4240 705 4294 44,
724 4239 765 4286 45.

184 4324 206 4382 5)
242 4321 321 4370 Flor.
341 4321 390 4377 lV,
412 4323 441 4379 2,
461 4319 500 4370 37.
519 4347 553 4360 —-
570 4323 639 4387 App.
661 4321 698 4371 57.
