2790 5152
670 211 713 278 55

138 405 329 476 Plutones.
449 413 500 478 56.
617 449 664 463 -
686 414 774 501 App.
802 417 957 482 loa-105.

183 571 204 600 „
240 520 347 607 Pomp.
447 524 506 600 48,
531 525 585 587 49.
613 560 661 574 -
730 574 751 605 „
802 528 855 591 16.

449 634 502 697 61.
612 670 660 684 -
728 684 749 715 „
799 636 853 701 37.

184 789 205 819 >a
277 788 297 818 a>
449 744 501 805 62·
613 780 661 792 “““
730 793 751 824 n
800 748 855 810 41·

184 847 311 930 „Cic
451 852 503 915 16.
612 891 659 902 -
729 903 750 934 ,,
823 857 853 921 3.

186 1011 206 1040 „
243 957 662 1040 CaaMin0132‚33.-
732 1013 753 1043 ‚,
805 968 943 1045 11‚1a.

185 1072 328 1150 „Brut
448 1073 499 1136 17.
608 1110 655 1122 -
724 1122 745 1152 ,,
797 1077 873 1140 117.

239 1181 266 1245 Ε
301 1180 457 1245 collatione
491 1181 580 1246 huius
613 1185 756 1268 postremi
791 1183 851 1250 loci
886 1208 955 1250 cum
987 1188 1164 1269 Plutarcho,
1195 1193 1248 1276 qui

141 1299 215 1358 teste
249 1292 386 1355 Haereno
403 1294 431 1375 l)
461 1291 510 1356 hie
540 1291 706 1378 Empylum
732 1301 853 1359 secutus
883 1302 944 1375 est,
969 1297 1059 1362 simul
1085 1299 1244 1385 probatur,

141 1426 189 1467 me
204 1423 271 1466 vere
288 1400 464 1480 coniecisse,
480 1403 661 1489 Appianum
676 1403 799 1492 Empyli
819 1408 1064 1473 commentarium
1080 1409 1161 1474 haud
1178 1433 1247 1474 cou-

141 1515 246 1579 tulisse
260 1518 300 1599 2).

651 1738 738 1822 ar.

143 1960 264 2039 lbntea,
286 1963 328 2025 od
348 1981 417 2045 quoe
439 1958 570 2041 Appiani
584 1959 657 2023 liber
679 1960 819 2024 remandas
835 1960 933 2039 redit,
949 1960 1249 2026 redecimationem

612 2076 787 2134 revocantur.

242 2289 291 2353 Ex
313 2289 367 2368 iis,
387 2310 463 2374 quae
477 2287 621 2353 hactenus
640 2288 878 2374 disputavimus,
894 2290 965 2355 satis
982 2289 1096 2368 clucet,
1111 2288 1250 2378 Appiani

145 2399 254 2466 libmm
277 2398 443 2464 secundum
465 2397 552 2463 bonis
576 2398 779 2463 fundamentis
803 2405 1043 2486 superstructum
1059 2420 1133 2464 esse.
1166 2400 1249 2464 Usus

146 2517 187 2575 est
210 2510 305 2589 enim,
328 2516 363 2573 ut
385 2510 450 2596 ipse
474 2507 625 2586 ostendit,
648 2514 714 2571 tum
737 2508 875 2592 Pompeii
898 2515 928 2573 et
948 2507 1085 2574 Caesaris
1102 2509 1248 2595 epistolis,

143 2628 207 2685 tum
235 2618 366 2685 Antonii
397 2624 426 2683 et
461 2617 550 2681 Bmti
581 2616 786 2695 orationibus,
814 2623 949 2681 tumvero
972 2617 1078 2684 Asinii
1101 2618 1246 2682 Pollionis

141 2730 284 2795 historiis.
332 2726 514 2796 Coniectura
548 2727 666 2812 assequi
688 2726 781 2805 licet,
803 2749 872 2791 eum
895 2727 1063 2791 'l'anusium
1088 2726 1251 2792 Geminum

141 2845 171 2904 et
194 2838 351 2904 Octaviani
369 2837 595 2902 commentarios
615 2837 793 2923 inspexisse.
823 2836 987 2923 Perspicua
1005 2836 1084 2902 Livii
1103 2836 1249 2902 librorum

141 2948 362 3034 deperditarum
396 2948 521 3033 vestigia
555 2947 588 3011 in
623 2969 657 3010 eo
693 2947 862 3011 conservari
883 2945 971 3010 nobis
995 2947 1060 3010 visa
1083 2951 1161 3011 sunt.
1209 2946 1249 3010 ln

141 3056 291 3124 Catilinae
326 3058 531 3123 coniuratione
566 3055 780 3121 conscribenda
814 3054 921 3143 procul
952 3054 1044 3119 dubio
1074 3055 1250 3120 Sallustium

141 3168 314 3255 praesertim
342 3167 400 3231 sibi
431 3172 624 3254 praecuntem
651 3164 773 3244 habuit,
804 3186 902 3250 neque
936 3164 1133 3229 verisimiliter
1161 3165 1249 3229 Bmti

141 3302 219 3365 opus
243 3279 280 3343 de
303 3277 444 3344 laudibus
468 3273 593 3342 Catonis
617 3275 757 3361 neglexit
795 3270 933 3341 Caesaris
956 3275 1102 3340 orationes
1123 3280 1153 3339 et
1168 3297 1248 3338 com·

142 3389 322 3453 menterium
345 3388 382 3453 de
406 3387 487 3452 bello
519 3386 598 3452 civili
621 3407 690 3450 eum
712 3384 836 3464 adiisse,
862 3385 915 3450 sed
937 3386 980 3450 ita
1002 3390 1038 3449 nt
1061 3382 1151 3447 simul
1175 3383 1250 3447 alios

142 3504 276 3563 auctores
300 3498 477 3576 contulerit,
500 3497 615 3561 idoneis
632 3495 814 3581 argumentis
830 3495 889 3559 nisi
905 3493 1119 3580 perhibuimus.
1152 3495 1250 3577 Quae

143 3607 212 3671 darn
249 3606 286 3672 ab
318 3608 465 3693 Appiano
501 3605 610 3670 tradita
652 3627 668 3670 e
702 3603 779 3669 libro
806 3604 843 3669 de
875 3603 954 3668 bello
977 3603 1125 3670 Africano
1160 3611 1250 3689 atque

140 3717 333 3804 Hispaniensi
357 3738 567 3804 promanasse,
582 3716 649 3802 ipsa
664 3738 712 3780 res
736 3738 792 3779 nos
817 3714 920 3779 docuit
930 3764 940 3793 ,
960 3735 1141 3800 quamquam
1164 3713 1248 3778 libris

141 3826 202 3891 illis
226 3828 308 3892 haud
331 3827 426 3892 multa
449 3832 571 3913 accepta
592 3825 699 3890 referre
722 3825 848 3889 videtur.

242 3938 320 4002 Ecce
357 3938 463 4002 seriem
494 3937 566 4000 satis
598 3958 737 4021 magnam
760 3931 912 4013 fontium,
936 3957 952 3999 e
980 3934 1090 4020 quibus
1115 3939 1249 4012 constat,

141 4047 315 4132 Appianum
339 4068 393 4110 sua
416 4045 562 4110 hausisse.
609 4045 715 4109 Plures
739 4067 808 4109 vero
833 4067 898 4109 esse
922 4045 1099 4131 scriptores,
1123 4043 1160 4107 de
1184 4044 1248 4127 qui-

142 4154 214 4234 bus,
236 4178 311 4219 num
334 4155 430 4219 cidem
452 4155 544 4218 duces
568 4155 744 4234 exstiterint,
760 4153 845 4218 dubii
861 4154 1034 4234 haeremus,
1050 4153 1144 4242 probe
1166 4154 1249 4218 novi·

176 4390 202 4453 1)
236 4387 493 4452 lloeren,p.124.
582 4390 609 4453 2)
645 4387 698 4438 vin.
715 4402 787 4451 supra
804 4402 828 4450 p.
847 4386 887 4435 33.
