2790 5152
657 228 700 293 68

120 430 203 494 libris
228 431 365 515 exponit,
389 429 568 516 pertinentia
585 428 670 493 affert
693 427 877 507 Frontinus,
894 451 928 492 ca
944 451 981 492 ne
997 430 1094 514 tangit
1109 429 1232 514 quidem

119 542 289 629 Appianus.
329 539 399 621 Qua
422 539 455 601 in
478 560 510 602 re
533 537 626 623 igitur
643 536 701 601 sibi
716 536 780 622 ipse
797 537 962 602 consimilis
978 544 1087 604 manet.
1123 538 1231 624 Neque

119 653 212 738 igitur
235 655 479 735 argumentomm
504 648 589 733 copia
610 669 687 734 opus
716 653 761 710 est
772 697 782 726 ,
798 654 833 710 ut
848 646 1030 732 probemus,
1055 645 1233 734 Appianum

119 760 260 826 Frontini
284 780 360 843 opus
383 780 571 842 nequaquam
596 757 798 834 consultasse,
822 757 874 821 sed
899 757 998 842 quivis
1022 780 1167 836 cernens,
1205 762 1235 820 et

121 895 172 950 ea,
196 891 272 955 quae
294 868 343 932 hic
366 867 456 931 habet
479 867 516 931 de
539 866 633 930 literis
656 866 781 951 plumbo
811 866 949 952 scriptis,
973 867 1009 931 de
1045 867 1106 931 sale
1137 867 1234 952 deque

123 977 280 1069 pecoribus
322 977 546 1042 Mutinensibus
578 976 615 1041 ab
650 976 751 1041 Hirtio
782 976 881 1039 missis
901 977 952 1060 1),
988 983 1017 1041 et
1048 976 1143 1042 multa
1178 977 1236 1040 alia

18 1184 20 1188 Ι
123 1090 261 1176 Appiano
285 1087 441 1170 incognita
464 1109 546 1165 csse,
569 1086 647 1149 illud
671 1086 756 1150 facile
780 1086 946 1150 crediderit.

225 1197 251 1262 11
287 1197 439 1261 Ciceronis
463 1196 582 1281 scriptis
619 1195 761 1282 epistolae
784 1196 923 1281 Appiano
946 1196 1021 1260 nulli
1046 1197 1117 1261 usui
1140 1196 1235 1261 fuisse

126 1306 279 1382 videntur,
298 1305 481 1391 Philippicas
498 1305 661 1369 certissime
678 1305 835 1389 cognovit,
852 1305 903 1368 sed
920 1326 1026 1391 pamm
1042 1305 1236 1392 adhinnire).

116 1396 198 1482 'Non
234 1415 315 1480 enim
353 1437 505 1479 moramur
551 1436 648 1478 unum
687 1413 851 1478 alterumve
889 1414 1011 1493 locum,
1047 1438 1107 1499 quo
1147 1416 1237 1481 ambo

125 1527 284 1611 scriptores
320 1523 422 1588 eadem
457 1523 572 1587 tradere
603 1523 845 1608 comperiantur,
869 1546 896 1587 v.
917 1546 942 1588 c.
966 1523 1018 1587 ubi
1042 1524 1163 1604 dicunt,
1187 1549 1234 1590 res

126 1636 258 1701 Caesaris
283 1635 384 1699 statim
407 1640 476 1719 post
499 1635 562 1698 eius
587 1634 708 1697 caedem
729 1633 762 1696 in
785 1633 912 1697 Antonii
936 1633 1061 1697 domum
1087 1641 1122 1699 ut
1145 1635 1236 1700 tutio·

125 1769 190 1810 rem
213 1744 372 1809 translatas
405 1766 470 1808 esse
488 1746 528 1828 3).
576 1743 691 1807 Verum
714 1743 847 1829 Appiani
871 1743 983 1807 tradita
1006 1766 1068 1807 non
1092 1745 1130 1809 ad
1155 1745 1237 1810 Cice-

128 1877 231 1920 ronem
247 1855 361 1919 fontem
377 1854 479 1918 reduci
503 1876 610 1939 posse,
637 1853 792 1938 sequentia
809 1853 955 1917 evincent.
980 1853 1160 1939 Saepissime
1176 1857 1239 1940 Ap-

127 1965 235 2050 pianus
258 1987 293 2028 ea
315 1970 478 2041 memorat,
511 1985 640 2048 quorum
676 1963 859 2027 contrarium
890 1964 1017 2027 affirmat
1041 1964 1164 2028 Cicero:
1189 1964 1239 2028 hic

109 2074 303 2140 wintonium
327 2072 457 2149 fraudis,
493 2072 623 2135 furiosae
658 2071 859 2149 vinolentiae,
885 2072 1144 2137 bacchanaliorum
1167 2074 1239 2138 insi-

131 2183 227 2247 mulat
240 2185 288 2264 4),
312 2180 363 2244 ille
387 2180 458 2243 talia
481 2181 591 2244 omittit
597 2207 606 2258 3
627 2180 675 2244 hic
690 2179 829 2266 pluribus
847 2181 922 2244 locis
938 2182 1041 2261 refert,
1067 2183 1240 2247 Antonium

131 2292 283 2356 hostiliter
307 2313 376 2354 cum
399 2290 532 2353 exercitu
555 2289 587 2352 in
610 2288 716 2354 urbem
740 2297 900 2354 venturum
914 2291 1025 2369 fuisse,
1045 2292 1097 2356 sed
1121 2292 1153 2355 id
1169 2315 1241 2356 con·

133 2401 234 2466 silium
249 2405 382 2463 mutasse
398 2404 481 2462 metu
505 2398 641 2475 Octavii,
659 2399 710 2484 qui
732 2421 796 2463 eam
817 2408 1064 2486 praeoccupasset
1082 2404 1134 2486 5),
1159 2403 1240 2487 quod

132 2512 184 2575 ille
208 2510 317 2574 refellit
331 2514 365 2594 6)
377 2537 387 2588 ;
410 2509 587 2594 Appianas,
610 2508 664 2573 ubi
687 2509 723 2573 de
741 2510 879 2574 Antonio
904 2510 1034 2575 Galliam
1054 2509 1241 2600 Cisalpinam

132 2621 290 2686 invadente
325 2619 402 2704 agit,
426 2619 524 2703 palam
548 2619 720 2703 profitetur,
744 2619 839 2683 nihilo
863 2620 962 2684 minus
985 2621 1082 2686 valere
1106 2623 1243 2688 volunta·

133 2737 194 2796 tem
218 2735 339 2793 senatus
364 2751 454 2813 quam
476 2728 583 2814 populi
599 2729 645 2813 7),
671 2729 774 2793 Cicero
796 2729 832 2793 de
848 2730 904 2794 hac
921 2731 1093 2814 quaestione
1110 2733 1177 2796 silet
1190 2736 1243 2818 8);

135 2841 313 2926 Appianum
337 2839 530 2916 scribentem,
555 2838 728 2907 Ciceronem
752 2841 936 2905 contentiose
953 2848 982 2904 et
998 2848 1112 2906 mutata
1135 2843 1246 2928 paulis·

134 2973 187 3036 per
211 2955 330 3012 senatus
355 2949 499 3011 sententia
522 2947 662 3011 mandata
686 2949 896 3034 conscripsisse
911 2951 956 3036 9),
976 2952 1111 3016 confutat
1131 2953 1245 3040 Philip-

136 3061 203 3146 pica
225 3081 321 3135 nona,
346 3080 421 3143 quae
445 3055 571 3142 Sulpicii
594 3058 767 3122 auctoritate
791 3064 821 3122 et
840 3062 986 3125 sententia
1002 3062 1152 3127 decretum
1168 3063 1246 3128 illud

137 3168 335 3235 constitutum
358 3190 422 3231 esse
445 3167 532 3231 docet
551 3168 612 3252 10).
659 3167 815 3232 Praeterea
837 3169 1023 3256 Philippicae
1053 3173 1150 3237 multa
1177 3197 1247 3238 con-

138 3281 254 3358 tinent,
279 3300 354 3363 quae
377 3277 540 3362 Appianus
564 3284 650 3343 tacet.
699 3279 804 3344 Cicero
822 3301 876 3344 sua
900 3303 1018 3366 quoque
1042 3305 1131 3369 opera
1147 3282 1248 3350 Anto·

191 3468 214 3526 Ι)
249 3465 353 3513 Front.
373 3463 453 3514 Strui.
471 3463 532 3523 ΙΙΙ,
552 3466 583 3513 13
606 3463 664 3527 §7;
684 3467 715 3515 14
734 3470 745 3529 ς
763 3467 777 3514 3
797 3471 820 3515 et
837 3469 861 3516 4.

191 3551 215 3610 2)
250 3547 341 3597 Merito
359 3547 463 3611 Egger
489 3565 512 3613 p.
532 3549 598 3597 253:
635 3549 688 3608 „Dc
706 3566 745 3599 ces
763 3551 824 3599 deux
843 3551 980 3601 collectione
999 3553 1041 3615 (les
1061 3554 1154 3603 Lettrcs
1173 3534 1197 3604 et
1213 3554 1249 3604 les

140 3634 307 3700 Philippiques
331 3633 359 3681 dc
383 3631 494 3693 Cice'ron)
517 3633 533 3680 l’
544 3650 590 3681 unc
612 3651 642 3682 ne
659 3634 738 3699 parsit
755 3653 797 3701 pas
815 3637 850 3685 lui
869 3638 935 3686 avoir
953 3639 1016 3687 servi
1033 3655 1096 3704 pour
1112 3640 1147 3688 les
1165 3638 1249 3690 ‹iudue-

140 3735 206 3768 mens
224 3719 253 3766 dc
271 3715 320 3767 710
338 3716 352 3764 b
370 3715 436 3774 7113
453 3715 470 3765 l'
481 3720 549 3766 autre
566 3717 600 3765 lui
613 3716 672 3767 dteit
684 3721 854 3770 certainement
872 3737 978 3782 connue;
996 3723 1056 3771 mais
1069 3740 1099 3772 on
1111 3740 1180 3773 verra
1192 3723 1252 3788 qu’il

140 3819 170 3850 en
189 3819 204 3850 a
220 3818 267 3867 peu
283 3799 377 3866 profitd.
394 3826 429 3838 ·-
447 3801 483 3849 cf.
502 3802 604 3850 Drum.
623 3804 653 3861 I,
671 3820 695 3868 p.
714 3805 779 3864 355,
799 3806 861 3864 353,
881 3807 922 3870 qui
940 3822 968 3855 cx
986 3809 1056 3872 epist.
1067 3807 1168 3867 adsum.
1180 3807 1252 3872 plura

140 3887 233 3944 hausit,
252 3901 312 3950 quac
329 3884 451 3949 Appianus
469 3887 650 3950 praetermitti.

192 3971 217 4031 3)
253 3970 312 4018 Cic.
339 3968 407 4018 Phil.
431 3969 489 4028 111,
512 3970 550 4019 12.
569 3994 603 4009 ·-
620 3971 691 4036 App.
713 3971 771 4030 III,
793 3971 833 4022 ΙΙ.

192 4057 217 4116 4)
253 4054 314 4102 Cic.
333 4051 401 4102 Phil.
420 4055 461 4112 ΙΙ,
475 4055 520 4112 35,
542 4055 590 4113 36,
609 4055 655 4112 39,
673 4056 715 4103 40.

177 4139 218 4198 ,5)
254 4137 315 4186 Cic.
333 4134 402 4187 Phil.
421 4137 481 4196 III,
501 4137 599 4198 2;IV,
619 4139 703 4198 2;V,
723 4141 753 4199 8,
774 4142 1043 4204 ro;v[,a;xl11,
1063 4147 1086 4194 3.

194 4225 219 4284 6)
254 4222 461 4294 ApplILoa
549 4223 573 4285 7)
607 4225 815 4290 App.111‚49.

196 4309 220 4367 8)
256 4306 316 4354 Cic.
335 4305 402 4354 Phil.
421 4306 462 4364 V,
482 4312 519 4366 2,.
533 4309 562 4366 9,
583 4309 696 4367 10,,11,
716 4310 759 4368 12,
781 4312 820 4360 19.
837 4337 872 4351 ·-
890 4314 926 4362 cf.
944 4313 1242 4378 Drum.1,p.233-237.

196 4395 221 4453 9)
255 4393 326 4457 App.
345 4392 403 4450 111,
422 4393 461 4441 61.
549 4395 590 4455 19)
626 4394 687 4442 Cic.
707 4395 775 4446 Phil.
794 4397 844 4456 IX,
863 4399 886 4446 3.
