2790 5152
709 273 750 338 76

158 469 302 553 gandam,
337 470 466 555 denique
501 471 633 534 infinitas
666 468 868 535 calamitatum
900 473 1010 536 formas
1034 494 1210 558 pernoscere
1229 473 1268 556 1).

158 580 277 660 Quibus
309 579 406 644 verbis
439 581 555 666 egregie
579 579 726 658 declarat,
752 605 784 645 se
809 604 885 666 opus
911 604 1003 645 sunm
1027 582 1143 659 ethica,
1168 588 1203 644 ut
1225 582 1268 644 ita

158 688 272 767 dicam,
296 691 410 755 ratione
427 691 656 776 conscripsisse,
673 691 755 775 quod
772 691 829 754 alio
846 692 970 777 insuper
985 692 1050 757 loco
1067 692 1271 769 confirmatur,

156 797 210 862 ubi
234 800 291 877 ait,
315 823 346 863 se
362 824 396 864 ea
412 823 593 878 memorare,
611 824 687 886 quae
703 823 740 864 ex
756 801 905 886 insperato
922 801 1077 865 nonnuliis
1093 798 1270 887 proscriptis

158 909 351 993 contigerint,
375 917 410 974 ut
432 909 480 974 vel
504 910 578 974 salvi
601 910 776 988 evaderent,
800 909 848 973 vel
872 909 910 973 ad
934 909 1063 973 honores
1080 907 1189 973 deinde
1205 931 1271 995 per-

158 1018 307 1097 venirent,
338 1020 420 1104 quod
450 1042 520 1083 cum
552 1019 610 1084 sibi
647 1019 809 1083 iucundius
834 1019 893 1098 sit,
916 1025 982 1082 tum
1005 1019 1125 1084 lectrnis
1149 1018 1273 1096 utilius,

158 1150 196 1191 ne
221 1128 289 1212 quis
313 1151 448 1214 unquam
471 1130 504 1193 in
524 1129 615 1194 rebus
633 1129 763 1193 adversis
780 1129 913 1192 animum
928 1128 1114 1215 despondeat
1130 1149 1275 1214 spemque

159 1237 264 1302 salutis
288 1240 409 1304 abiiciat
423 1241 463 1324 2).

262 1348 419 1413 Bellorum
449 1348 582 1412 civilium
613 1348 735 1413 historia
771 1348 808 1413 ab
842 1348 981 1434 Appiano
1010 1349 1144 1433 quinque
1167 1346 1274 1428 libris,

160 1480 217 1522 nec
240 1458 321 1521 ultra
335 1460 382 1540 3),
407 1456 591 1537 absolvitur,
609 1465 639 1522 et
660 1481 713 1544 per
730 1466 864 1523 auctores
888 1465 1026 1522 motuum
1042 1457 1204 1522 distributa
1220 1464 1276 1523 est.

159 1568 245 1650 Quae
269 1568 375 1632 divisio
399 1568 466 1632 ideo
489 1569 591 1632 minus
616 1568 730 1653 placet,
754 1569 835 1654 quod
875 1568 945 1632 hinc
976 1569 1027 1648 fit,
1059 1575 1094 1633 ut
1126 1568 1277 1632 Graccho·

104 1687 108 1695 '
159 1701 228 1743 rum
252 1677 422 1742 tribunatus
447 1684 476 1743 et
500 1678 644 1743 Catilinae
678 1680 843 1743 coniuratio
867 1678 957 1742 rebus
981 1679 1105 1742 minoris
1129 1676 1277 1742 momenti

162 1787 368 1852 adscribantur
387 1790 429 1874 4).
490 1789 594 1870 Quum
626 1812 692 1853 vero
730 1790 856 1874 scriptor
886 1789 976 1852 modo
1008 1789 1186 1876 polliceatur
1197 1837 1207 1866 ,
1239 1809 1271 1851 se

161 1922 196 1963 ea
227 1898 305 1962 bella
340 1897 438 1962 civilia
468 1905 683 1977 tractaturum,
717 1921 792 1983 quae
819 1921 890 1985 prae
919 1899 1021 1962 ceteris
1046 1897 1195 1962 horrenda
1218 1897 1278 1961 Ro·

163 2009 244 2073 mani
275 2007 420 2092 gesserint
460 2008 656 2094 saepiusque,
681 2014 716 2071 ut
747 2008 823 2071 infra
847 2007 978 2093 patebit,
1006 2030 1038 2072 se
1066 2007 1186 2072 brevem
1214 2028 1280 2071 esse

167 2125 303 2205 oportere
324 2117 453 2196 innuat,
477 2140 566 2182 nemo
582 2118 647 2182 iure
671 2119 770 2182 omnia
786 2117 846 2182 huc
870 2117 1050 2204 pertinentia
1074 2117 1111 2182 ab
1132 2138 1167 2182 eo
1183 2115 1281 2203 requi·

166 2230 275 2294 siverit.

267 2340 401 2405 Errorsus
425 2341 518 2426 igitur
542 2362 559 2404 a
582 2340 701 2406 Tiberio
727 2339 864 2404 Graccho
887 2339 1048 2425 Appianus
1080 2338 1159 2404 bella
1182 2337 1283 2404 civilia

169 2451 274 2515 ordine
306 2451 517 2537 chronologico
553 2457 686 2530 enarrat,
719 2458 748 2516 et
780 2451 894 2536 quoties
919 2451 951 2514 in
974 2472 1120 2537 personae
1152 2447 1281 2513 alicuius
1340 2449 1343 2457 ’
1368 2431 1371 2437 ’

168 2564 349 2627 mentionem
380 2562 499 2641 incidit,
530 2563 578 2627 cui
606 2562 761 2648 primariae
790 2567 888 2646 partes
913 2567 1001 2639 sunt,
1025 2560 1114 2624 toties
1138 2558 1284 2623 lectorem

168 2671 296 2736 breviter
312 2671 415 2751 docet,
432 2645 561 2788 quiebit,
592 2672 645 2757 qui
667 2693 748 2735 nunc
763 2671 796 2734 in
811 2669 952 2734 historiae
976 2691 1094 2733 scenam
1112 2659 1239 2753 prodeat
1254 2675 1284 2734 et

170 2804 229 2866 qua
243 2781 377 2859 ratione,
395 2781 503 2865 quibus
528 2781 626 2845 causis
652 2781 768 2844 factum
793 2780 850 2858 sit,
874 2785 909 2843 ut
931 2779 964 2842 in
988 2801 1056 2843 eum
1079 2778 1181 2842 locum
1200 2778 1281 2845 etad

171 2913 220 2954 eas
236 2914 283 2955 res
303 2891 457 2975 gerendas,
476 2891 640 2977 dequibus
669 2891 769 2975 agitur
780 2939 789 2969 ,
814 2890 977 2954 accesserit.
1006 2889 1126 2952 Horum
1152 2890 1284 2954 virorum

173 3023 282 3079 casus,
306 3023 420 3079 mores,
443 3000 542 3079 facta,
566 3001 646 3064 diota
670 3007 807 3065 accurate
843 3005 985 3064 recenset.
1044 2999 1123 3064 Belli
1151 3005 1287 3085 tempora

173 3109 330 3196 praecipue
345 3109 554 3196 persequitur,
570 3109 651 3194 pacis
668 3115 771 3174 tamen
788 3132 850 3173 non
868 3108 990 3172 omnino
1006 3108 1169 3195 praeterit,
1185 3130 1288 3193 quem-

174 3219 336 3286 admodum
360 3242 495 3284 summus
519 3219 771 3306 Wyttenbaohius
797 3219 936 3306 opinatus
962 3228 1008 3282 est
1022 3199 1062 3316 d).
1098 3218 1183 3283 Haec
1207 3218 1289 3282 enim

176 3330 313 3418 respicit,
347 3329 401 3394 nbi
436 3353 576 3416 agrorum
605 3330 806 3395 conditionem
843 3337 871 3394 et
904 3329 1052 3394 Italorum
1083 3335 1291 3416 paupertatem

230 3520 253 3579 1)
288 3519 316 3568 L.
329 3518 346 3567 l.

230 3605 254 3666 2)
288 3604 361 3670 App.
380 3603 447 3654 Bell.
470 3603 524 3655 Cic.
540 3602 594 3662 IV,
613 3604 653 3652 36.
675 3627 710 3641 υ·
735 3602 771 3652 cf.
798 3600 916 3659 Unici,
951 3598 1150 3650 Charaktaristile
1177 3595 1221 3647 der
1238 3607 1292 3648 aar.

185 3687 411 3754 Historiopruptie,
437 3706 460 3754 p.
481 3690 545 3738 242:
582 3687 781 3752 „Haupttendenz
806 3686 838 3735 ist
854 3685 905 3734 ihm
922 3684 1064 3734 moraliscbe
1087 3683 1227 3748 Belehrung
1244 3683 1296 3733 und

180 3771 325 3837 Kristigung
342 3773 383 3821 des
400 3773 521 3823 sittlichen
541 3771 647 3821 Gefdhls.
665 3797 699 3809 ·-
716 3771 756 3819 Sie
774 3771 806 3819 ist
823 3771 848 3818 in
865 3786 891 3818 so
909 3770 963 3818 fern
981 3768 1132 3818 ehrenwerth
1150 3767 1185 3816 als
1203 3768 1239 3816 sie
1250 3767 1294 3816 ihn

182 3857 343 3906 aufmerksam
366 3858 459 3906 machte
483 3859 525 3907 aut
546 3857 584 3906 die
601 3857 678 3905 Sitten
695 3856 744 3904 und
762 3856 808 3904 den
825 3854 988 3903 moralisohen
1006 3853 1140 3903 Charaktcr
1157 3853 1200 3901 der
1217 3851 1294 3901 histo-

182 3940 277 3990 rischen
294 3941 508 4006 Hauptpersonen,
526 3941 594 3990 nicht
611 3939 687 3988 selten
705 3938 767 3987 auch
785 3939 828 3987 der
845 3936 960 3987 Volkcr.'’

235 4025 260 4086 3)
293 4025 382 4075 Errare
400 4027 463 4076 enim
481 4026 522 4092 qui
533 4041 625 4086 ,novem
642 4024 717 4072 libros
729 4024 886 4082 numerarint,
903 4022 998 4087 egregie
1015 4022 1103 4087 probat
1119 4021 1296 4086 Schweigb.

186 4109 286 4169 Exere,
304 4127 327 4175 p.
347 4111 387 4160 26.
422 4112 459 4160 uf.
477 4111 598 4176 Egger,
617 4126 641 4175 p.
664 4106 720 4158 247.

238 4197 254 4244 4
299 4195 375 4244 utu
426 4195 494 4244 erl.
512 4195 528 4243 l.

12 4219 93 4385 ΛΔ
237 4197 264 4341 ti
296 4211 873 4410 3111ίο111(κιῑῑῑψαιεμμθιθικ.
909 4275 1083 4354 th
1099 4273 1189 4338 Eggeri
1207 4274 1295 4323 verba:

188 4366 297 4432 „Appien
319 4363 413 4428 neglige
436 4365 558 4429 beaucoup
586 4380 612 4413 oe
637 4363 677 4426 qi
704 4378 820 4411 conccrnc
836 4362 860 4411 la
877 4362 915 4410 vie
933 4357 1015 4426 prive‘c
1033 4359 1061 4408 de
1080 4375 1116 4408 ees
1134 4375 1295 4424 personnages

188 4454 211 4498 et
229 4447 638 4500 1’administrui0ninterreurede
656 4447 679 4496 la
697 4446 863 4512 rtpubliquo.”

1355 4332 1374 4366 Κ
