2790 5152
670 187 715 250 42

131 392 184 448 aut
207 388 314 464 unice,
339 392 391 450 aut
413 386 587 472 praesertim
611 383 650 449 ob
674 384 777 448 oeulos
801 391 952 450 versatum
975 409 1059 465 esse,
1076 409 1123 450 me
1143 410 1242 451 assen-

126 494 251 559 tientem
273 495 403 561 habebit.
452 496 644 580 Quapropter
667 496 741 559 haec
766 494 854 568 addo.
901 495 949 559 De
974 496 1119 562 Catilinae
1144 499 1241 560 consi·

127 604 169 668 lio
202 608 359 691 Appianas
405 607 522 691 egregie
566 607 622 682 ,ἐς
644 607 804 670 citaretur
830 603 1071 688 παρήγγειλεν,
1096 610 1139 682 ὡς
1163 605 1237 691 τῇδε

127 715 335 800 παροδεύσων
360 718 391 791 ἐς
414 712 615 800 τυραννίδα”
639 712 681 775 ait
693 714 739 795 1),
764 711 847 796 quod
863 712 987 775 mirifice
1005 714 1156 776 consentit
1172 735 1242 777 eum

128 821 260 885 eiusdem
284 822 417 885 oratione
447 844 465 884 a
489 820 632 886 Sallustio
656 821 749 884 literis
766 821 906 884 mandata
925 823 964 902 0).
999 821 1149 888 'Eandem
1173 844 1240 886 cau-

128 953 210 1008 sam,
235 953 288 994 cur
312 930 440 995 Catilina
463 931 495 994 in
528 932 686 995 consulatu
709 931 838 1016 petendo
870 931 1020 1017 repulsam
1051 953 1158 1016 passus
1183 933 1239 1009 sit,

128 1040 255 1103 afferunt
278 1039 366 1103 ambo
400 1040 559 1125 scriptores
578 1043 619 1125 3).
675 1039 791 1103 Eodem
826 1039 915 1104 modo
949 1062 984 1105 ac
1019 1040 1181 1104 Sallustius
1199 1044 1241 1126 4),

129 1149 254 1212 Curium
276 1158 386 1213 temere
409 1149 566 1214 iactantem
589 1157 619 1214 et
638 1149 776 1213 Fulviam
797 1149 933 1214 Ciceroni
957 1149 1138 1236 reipublicae
1162 1152 1238 1236 peri·

129 1257 232 1321 culum
255 1259 432 1324 deferentem
455 1259 572 1323 inducit
595 1259 753 1344 Appianas
772 1259 826 1342 5),
850 1260 902 1343 qui
941 1266 1040 1323 tamen
1073 1260 1164 1345 paulo
1194 1282 1240 1324 ac-

130 1368 261 1431 curatius
285 1368 362 1432 banc
385 1365 570 1454 provinciam
594 1368 819 1434 administrasse
848 1369 966 1432 videtur
984 1373 1029 1454 6).
1078 1369 1240 1435 Catilinam

131 1498 186 1540 sua
212 1483 316 1563 sponte
339 1480 371 1542 in
394 1480 549 1543 Manliana
566 1486 662 1543 castra
685 1479 852 1564 profectum
877 1501 942 1542 esse
962 1478 1101 1563 illudque
1116 1480 1172 1543 iter
1195 1501 1243 1542 ve·
1323 1490 1326 1494 ’

130 1586 176 1649 lut
198 1589 410 1671 proconsulem
434 1588 567 1653 fascibus
592 1589 806 1673 securibusque
830 1588 970 1674 praelatis
990 1589 1110 1668 fecisse,
1134 1593 1244 1652 neuter

131 1699 299 1777 0111111117).
347 1698 431 1779 Quin
454 1698 528 1762 adeo
547 1704 636 1762 tenax
662 1698 790 1782 exempli
815 1698 861 1760 sui
886 1703 933 1761 est
955 1698 1132 1784 Appianas,
1155 1704 1191 1761 ut
1206 1720 1244 1761 ne

131 1808 228 1872 dicere
253 1808 374 1892 quidem
398 1808 609 1892 supersedeat,
640 1807 765 1871 Iunium
798 1807 934 1871 Silanum
965 1808 1098 1891 primum
1129 1812 1245 1871 senten·

130 1919 203 1981 tiam
226 1924 365 2002 rogatum
381 1939 463 1994 esse,
483 1917 564 2001 quod
587 1938 622 1980 eo
647 1924 781 2001 tempore
798 1916 906 1980 consul
922 1915 1095 2000 designatus
1112 1923 1191 1980 esset
1204 1919 1244 1999 8).

127 2028 249 2092 Rectius
273 2027 402 2110 denique
427 2048 516 2109 quam
533 2026 636 2089 Cicero
655 2029 691 2106 0)
714 2032 840 2109 uterque
864 2025 972 2102 tradit,
996 2025 1151 2089 Neronem
1175 2032 1243 2089 ante

132 2137 288 2202 Caesarem
311 2135 343 2198 in
360 2141 472 2211 ‚senatu
494 2157 549 2220 pro
574 2135 719 2199 sententia
750 2135 876 2212 dixisse,
901 2135 1070 2197 coniuratos
1100 2135 1245 2220 tantisper

132 2248 166 2310 in
191 2244 327 2310 custodia
351 2244 534 2322 servandos,
558 2243 632 2307 dum
655 2249 754 2308 totum
777 2245 932 2329 negotium
956 2244 1101 2328 exquisite
1124 2266 1246 2330 pernos-

133 2363 248 2420 ceretur
266 2358 328 2438 10).
376 2355 434 2419 Sed
458 2378 476 2418 a
499 2353 637 2440 pluribus
661 2354 781 2418 indiciis
806 2354 963 2419 afferendis
987 2353 1198 2420 abstineamus.

234 2465 370 2528 Iamvero
384 2486 478 2548 quum
494 2486 585 2548 supra
597 2463 782 2549 apparuerit,
799 2463 972 2548 Appianum
987 2465 1020 2528 in
1032 2464 1081 2528 bis
1093 2464 1245 2529 tradendis

134 2575 308 2639 Ciceronem
323 2597 386 2639 non
402 2573 566 2638 contulisse
585 2575 655 2656 11),
668 2579 758 2658 atque
774 2572 937 2637 aDiodoro
950 2573 1093 2638 dissidere
1113 2575 1247 2659 12),ne·

135 2707 193 2769 que
217 2685 244 2749 ei
267 2685 372 2748 Livius'
396 2685 451 2748 hac
475 2685 508 2747 in
532 2707 563 2747 re
578 2684 747 2747 innotuisse
770 2682 906 2747 videatur
929 2689 1005 2747 teste
1021 2683 1178 2748 historiola
1192 2685 1247 2749 illa

82 2780 84 2785 λ
137 2795 176 2858 de
199 2796 344 2878 sanguine
368 2794 519 2870 humana,
545 2815 633 2876 quem
658 2792 806 2856 coniurati
829 2790 960 2856 biberint
978 2793 1051 2879 13),
1083 2795 1179 2878 primo
1204 2814 1250 2857 as·

135 2911 225 2990 pectu
248 2904 330 2968 haud
353 2902 519 2968 absurdum
543 2902 659 2966 videtur
679 2909 823 2981 statuere,
847 2903 1024 2988 Appianum
1041 2902 1118 2968 nihil
1134 2903 1247 2988 egisse,

136 3013 194 3078 nisi
214 3035 268 3077 sua
291 3037 307 3078 e
323 3013 470 3078 Sallustio
488 3013 657 3098 compilare.
706 3013 797 3094 Quod
813 3035 882 3077 vero
899 3011 1098 3077 Wilmansius
1119 3016 1171 3097 14)
1188 3036 1249 3078 cre-

137 3122 211 3187 dens
235 3124 267 3187 in
291 3147 419 3188 errorem
442 3123 586 3186 inductus
611 3129 664 3188 est.
718 3123 909 3207 Quamquam
941 3123 1022 3187 enim
1045 3123 1126 3188 haud
1150 3146 1249 3208 nego,

136 3236 311 3321 Appianum
326 3234 450 3320 propius
466 3233 565 3296 Dione
589 3233 766 3297 Sallustium
791 3239 927 3297 secutum
947 3255 1030 3312 esse,
1055 3233 1087 3296 in
1104 3233 1250 3318 quaedam

137 3352 236 3409 tamen
259 3345 366 3422 incidi,
383 3366 459 3429 quae
483 3350 581 3430 aperte
605 3366 675 3407 cum
702 3343 759 3407 hoc
787 3343 929 3428 scriptore
953 3349 1099 3428 pugnant.
1146 3343 1249 3428 Equo

139 3478 167 3519 v.
192 3478 217 3520 c.
240 3477 303 3518 non
326 3454 514 3539 promanavit
537 3453 610 3518 haec
634 3453 764 3530 mentio,
788 3452 948 3517 Catilinam
971 3452 1042 3516 inde
1067 3475 1085 3516 a
1108 3453 1251 3517 Cicerone

20 3541 80 3685 ld*
141 3565 265 3629 consule
290 3571 387 3639 creato
411 3585 534 3650 prorsus
567 3559 762 3682 abstinuissfe
786 3585 804 3626 a
831 3561 1001 3647 republica,
1031 3568 1129 3626 ratum
1160 3560 1251 3648 pluri-

190 3752 214 3812 1)
250 3750 322 3814 App.
342 3751 364 3797 0.
451 3750 475 3810 0)
510 3748 584 3797 Sall.
608 3747 720 3798 011100.
807 3747 832 3809 3)
866 3747 937 3796 Sall.
959 3746 1250 3812 osana-Appa.

188 3836 213 3893 4)
248 3833 322 3882 Sall.
344 3830 526 3891 Garama.
598 3832 622 3892 5)
657 3832 729 3896 App.
748 3831 771 3879 3.

189 3920 213 3978 6)
249 3918 286 3967 Cf.
304 3917 424 3981 Hagen,
448 3915 585 3966 Uatcrsuet
603 3917 663 3964 atter
680 3913 753 3964 Rem.
772 3913 859 3963 Gcsct.
878 3914 898 3963 Ι.
923 3913 985 3974 Cot,
1002 3933 1025 3981 p.
1047 3915 1107 3973 163,
1128 3915 1183 3964 104,

190 4000 214 4062 7)
249 4000 704 4065 8111.’οα1.30,30.-ΑῙ1[1.3.
776 4000 800 4059 8)
837 3999 910 4048 Sall.
932 3999 987 4049 Cat.
1008 4001 1048 4049 50.
1070 3999 1193 4063 —App
1213 3998 1236 4046 5.

191 4087 215 4147 9)
251 4083 369 4134 Claud
386 4085 583 4144 Arr.xl1,2r.
657 4085 696 4145 10)
732 4083 805 4132 Sall.
827 4083 878 4134 Cat.
900 4085 945 4143 50,
964 4084 1145 4147 51.-App.
1165 4084 1193 4141 5,
1213 4083 1236 4130 0,

180 4173 219 4232 11)
254 4171 308 4218 Vid.
329 4187 441 4235 suprap.
461 4172 501 4219 40.
555 4171 594 4230 10)
629 4169 682 4217 vid.
705 4184 778 4232 supra
799 4185 823 4233 p.
843 4170 881 4218 34.

178 4255 217 4316 13)
252 4254 334 4303 Flor.
355 4252 403 4313 IV,
427 4261 435 4303 l
457 4258 468 4315 t
487 4254 509 4301 3.
534 4277 568 4292 ·-
591 4254 650 4302 Dio
668 4251 799 4311 XXXVII,
818 4255 857 4303 30.
882 4279 916 4292 -
939 4251 1011 4300 Sall.
1035 4249 1087 4300 Cat.
1107 4251 1146 4298 00.
1164 4276 1198 4288 -
1217 4251 1254 4299 Cf.

140 4339 294 4398 Wilmans,
314 4355 336 4403 p.
356 4340 395 4388 08.
519 4337 565 4397 14)
592 4337 689 4387 Wilm.
707 4354 730 4400 p.
750 4335 802 4386 07.ι
