2790 5152
685 287 730 350 34

249 487 403 550 Postremo
427 484 494 548 loco
517 484 555 548 de
575 483 710 548 Diodoro
727 482 896 548 dicendum.
921 484 1012 548 Hunc
1028 493 1147 551 tantum
1164 509 1261 550 usur·-

149 621 218 684 pare
242 595 341 683 potuit
364 596 522 680 Appianus
545 594 579 657 in
603 594 729 658 historia
758 593 973 658 coniurationis
1002 579 1158 661 Catilinae.
1207 599 1262 662 Su·

147 732 202 794 pra
215 709 245 790 1)
269 709 329 770 iam
351 706 500 784 vidimus,
524 706 556 768 in
581 705 712 790 Appiani
736 705 832 790 primo
854 703 933 769 libro
958 707 1058 769 omnia
1078 730 1113 770 eo
1134 708 1260 787 ducere,

148 822 184 881 ut
207 815 399 880 statuendum
423 816 482 894 sit,
506 837 575 879 eum
599 814 727 878 Diodori
752 836 827 899 opus
851 820 904 878 aut
926 815 1097 899 ignorasse,
1127 827 1178 882 aut
1206 821 1261 884 sal·
1325 880 1327 883 .

148 932 209 990 tem
243 949 306 990 non
341 925 513 990 contulisse.
562 925 649 988 Idem
673 924 820 988 affirmare
847 946 929 989 nunc
952 925 1025 989 licet
1047 927 1261 1015 luculentoque

149 1043 322 1121 argumento
359 1035 571 1100 demonstrare.
618 1034 701 1098 Nam
732 1035 765 1097 in
787 1034 916 1098 Diodori
939 1035 1104 1120 fragmento
1130 1039 1261 1122 quodam

149 1145 298 1231 legimus,
323 1145 496 1209 Ciceronem
519 1149 670 1207 senatores
693 1143 803 1208 itemm
818 1164 939 1229 rogasse
951 1193 960 1222 ,
972 1143 1148 1210 iuberentne
1160 1146 1260 1210 Catili·

151 1277 223 1320 nam
246 1253 321 1320 urbe
344 1255 505 1333 excedere,
528 1260 595 1317 tum
618 1253 754 1317 unanimi
777 1274 849 1317 voce
874 1254 990 1317 cunctis
1011 1255 1260 1341 consurgentibus

148 1387 239 1450 seque
254 1365 286 1429 id
301 1363 459 1428 decernere
475 1362 643 1428 dicentibus
661 1363 822 1428 Catilinam
838 1363 919 1427 curia
935 1365 1096 1429 excessisse
1115 1368 1155 1449 2).
1183 1365 1260 1428 Iam-

149 1497 218 1539 vero
243 1496 338 1559 quum
361 1497 398 1537 ex
421 1471 607 1538 orationibus
636 1473 668 1536 in
684 1472 843 1537 Catilinam
856 1475 888 1556 3)
901 1477 931 1536 et
947 1496 963 1536 e
979 1473 1121 1538 Sallustio
1135 1479 1167 1560 1)
1191 1498 1261 1540 con-

148 1590 205 1649 stet
216 1634 225 1663 ,
261 1583 422 1648 Catilinam
458 1604 521 1646 non
556 1583 674 1646 decreto
707 1591 829 1646 senatus
861 1581 935 1646 urbe
960 1583 1100 1648 excedere
1123 1585 1260 1663 iussum,

148 1695 320 1760 Ciceronem
344 1715 413 1757 vero
437 1692 494 1756 hoc
515 1693 644 1755 suasisse
672 1697 810 1769 tantrrm,
826 1713 888 1754 non
904 1692 1046 1771 iussisse,
1070 1694 1262 1758 manifestum

148 1810 213 1882 cst,
236 1803 406 1868 Diodorum
429 1809 459 1866 et
480 1802 613 1867 Dionem
628 1804 676 1886 5),
701 1801 753 1886 qui
776 1823 845 1865 eum
870 1808 990 1866 secutus
1014 1808 1079 1881 est,
1103 1801 1179 1866 falsa
1195 1827 1260 1867 nar·

148 1936 221 1979 rare.
268 1914 426 1999 Appianus
459 1918 562 1976 contra
593 1912 631 1975 de
664 1911 721 1990 iis,
754 1933 830 1995 quae
858 1911 890 1975 in
925 1918 1033 1975 senatu
1070 1919 1138 1976 actu
1174 1920 1261 1991 sunt,

150 2025 271 2090 omnino
308 2023 421 2100 silens,
459 2027 578 2085 tantum
613 2021 705 2099 dicit,
738 2020 898 2085 Catilinam
929 2021 961 2084 in
997 2021 1144 2086 celeritate
1177 2046 1261 2108 spem

151 2135 346 2199 collocantem
382 2138 491 2222 sponte
522 2154 576 2195 sua
607 2131 645 2194 ad
688 2130 721 2194 C.
752 2131 903 2194 Manlium
944 2131 1110 2217 profectum
1143 2154 1207 2196 esse
1221 2134 1277 2216 6).

150 2245 265 2309 Eodem
289 2243 401 2320 modo,
425 2248 459 2305 ut
482 2242 540 2304 hoc
563 2262 624 2304 uno
649 2238 739 2304 verbo
766 2240 894 2318 addam,
918 2241 999 2326 apud
1015 2241 1144 2306 Dionem
1161 2241 1262 2307 locum

151 2353 301 2440 quendam
331 2375 369 2416 ex
403 2351 475 2415 actis
511 2349 640 2436 publicis
674 2350 859 2435 reperimus,
896 2351 946 2435 qui
979 2351 1059 2437 apud
1084 2351 1261 2436 Appianum

151 2464 243 2528 deest.
277 2461 432 2532 Nimirum
455 2461 515 2525 Dio
539 2468 700 2538 memorat,
726 2461 882 2525 Caesarem
905 2483 967 2526 non
993 2462 1093 2525 solum
1121 2484 1261 2526 coronam

153 2571 210 2637 sibi
234 2571 365 2640 oblatam
388 2579 578 2656 aspernatum
602 2594 666 2634 esse
677 2620 686 2650 ,
712 2571 765 2635 sed
788 2571 906 2636 inacta
926 2571 1047 2656 publica
1075 2572 1175 2636 referri
1202 2572 1263 2635 ius·

153 2684 248 2762 sisse,
276 2705 404 2767 regnum
427 2705 458 2745 se
482 2705 500 2746 a
521 2681 637 2767 populo
662 2680 720 2744 sibi
749 2703 803 2765 per
838 2681 991 2746 consulem
1028 2680 1162 2746 oblatum
1198 2704 1260 2745 nou

154 2793 301 2878 accepisse
320 2794 359 2875 7)

620 2955 754 3090 sa.

162 3231 345 3307 Ostendetur,
378 3229 412 3291 ic
447 3227 580 3308 Appiano
616 3227 768 3307 completio
791 3227 926 3295 librorum
947 3229 1160 3310 deperditarum
1184 3229 1267 3294 [aaa

551 3337 670 3419 asclipio
701 3339 871 3402 conseruari.

266 3560 370 3646 Capite
410 3557 556 3642 superiori
590 3557 709 3642 patuit,
744 3557 919 3642 Appianum
949 3559 1045 3645 primo
1079 3559 1157 3624 libro
1192 3560 1270 3625 Livii

159 3672 279 3757 quidem
314 3670 519 3735 auctoritatem
551 3674 688 3731 secutum
723 3690 808 3746 esse,
840 3669 977 3748 sedita,
1002 3677 1268 3756 utprootereaex

159 3783 226 3847 aliis
249 3778 382 3845 fontibus
407 3778 545 3842 hauriret.
587 3777 672 3858 Quid
689 3777 770 3861 quod
791 3801 830 3843 m.
848 3779 867 3842 i.
887 3780 919 3842 iu
935 3779 1117 3864 quibusdam
1132 3780 1268 3864 partibus

158 3893 240 3956 illius
264 3890 334 3955 libri
358 3912 427 3965 eum
450 3889 538 3975 plane
561 3888 670 3951 reiecit.
717 3888 851 3953 Eandem
874 3889 935 3953 fere
959 3890 1138 3954 senteutiam
1155 3891 1193 3954 de
1212 3891 1269 3954 boc

160 4003 238 4067 libro
270 4001 456 4086 proferimus.
505 4000 605 4081 Quam
629 4004 664 4062 ut
686 3997 870 4084 probemus,
895 4001 1026 4086 primum
1041 3999 1268 4079 ostendemus,

196 4190 221 4249 1)
255 4187 308 4234 Vid.
328 4201 439 4250 suprap
460 4185 504 4242 2l,
524 4185 563 4233 22.
634 4185 658 4245 2)
692 4184 779 4233 Diod
798 4185 855 4244 XL,
875 4187 898 4233 5

197 4274 222 4333 3)
258 4271 315 4320 Cic.
334 4269 360 4317 in
383 4267 455 4317 Catil.
473 4269 501 4326 l,
522 4271 552 4326 5,
571 4269 699 4327 8;11,6.
769 4270 793 4329 4)
829 4269 900 4318 Sall
925 4265 1029 4318 Gardt
1016 4268 1097 4326 3,13

198 4359 222 4417 5)
256 4353 460 4410 DioxxxVH,
479 4354 519 4401 33.
591 4354 615 4414 6)
650 4353 763 4417 A.pp3.

199 4440 223 4502 7)
256 4437 421 4495 11101131
442 4418 659 4504 11-·-01.ΑΡΡ.
690 4439 746 4488 103.
