2790 5152
685 188 730 250 40

147 381 264 445 tuisset.
315 383 414 464 Quum
438 408 506 449 vero
531 409 562 449 se
587 408 650 450 non
673 387 778 449 omnia*
797 386 1014 450 accuratissime
1030 388 1261 472 perscripturum

146 492 253 556 innuat
276 492 436 580 Appianas
458 498 508 579 1),
535 495 730 575 crediderim,
747 495 837 560 talem
861 497 1057 582 scriptorem,
1071 498 1120 582 qui
1141 520 1187 560 res
1204 497 1262 561 sibi

145 604 311 668 tractandas
337 606 440 669 ordine
457 606 613 691 digesserit
627 612 713 691 atquc
730 607 915 670 continenter
937 607 1124 692 exposuerit,
1149 607 1176 671 ei
1192 607 1259 692 plus

144 710 290 796 placuisse
311 737 398 798 quam
416 712 613 794 Ciceronem,
639 716 706 800 qui,
723 715 841 779 etiamsi
857 715 1054 780 minutissima
1079 739 1208 802 quaeque
1232 724 1262 782 et

143 821 218 885 scitu
241 845 382 908 perquam
406 825 499 910 digna
514 828 635 904 alferat,
652 850 686 889 ea
706 826 818 910 passim
833 849 887 910 per
904 825 1015 911 scripta
1032 849 1084 890 sua
1106 827 1261 914 dispergit.

142 931 232 1013 Quod
264 956 440 1019 quamquam
475 937 507 999 in
543 937 604 1000 eius
636 935 745 1000 librum
776 935 813 999 de
847 937 1000 1000 consulatu
1033 959 1095 999 non
1119 937 1258 1022 quadrat,

141 1047 241 1107 tamen
265 1049 295 1107 61
317 1044 396 1109 hunc
419 1045 586 1131 neglexisse
609 1045 725 1110 videtur
749 1045 920 1132 Appianas.
967 1046 1011 1110 Ut
1027 1047 1161 1132 exempla
1190 1049 1257 1111 affe-

139 1175 224 1231 ram,
259 1154 348 1218 refert
384 1153 508 1234 Cicem,
532 1156 701 1221 triumviros
727 1156 961 1220 coniurationem
986 1179 1090 1234 suam,
1116 1162 1256 1242 quantum

138 1261 200 1326 eius
251 1264 315 1327 fieri
366 1272 488 1351 posset,
539 1265 667 1330 maxime
714 1265 860 1329 occultam
899 1265 1038 1329 habuisse
1057 1269 1105 1350 2),
1137 1267 1252 1343 innuit,

139 1374 326 1458 repentinam
363 1375 452 1438 istam
482 1375 636 1439 affinitatis
669 1376 907 1439 coniunctionem
943 1372 1103 1440 Caesarem
1127 1377 1204 1440 inter
1229 1382 1258 1439 et

136 1482 312 1568 Pompeium
348 1483 405 1547 sibi
431 1491 598 1569 suspectam
621 1491 651 1548 61
673 1485 801 1548 invisam
825 1508 888 1548 esse
902 1486 951 1567 3);
975 1485 1045 1548 facit
1069 1485 1256 1549 mentionem

138 1592 175 1656 de
207 1590 273 1676 lege
298 1593 336 1655 (16
359 1592 528 1677 repetundis
564 1618 582 1657 a
619 1591 749 1658 Caesare
780 1594 840 1658 lata
853 1595 885 1679 4)
895 1622 904 1672 ;
929 1594 1096 1678 significat,
1122 1617 1154 1658 se
1180 1592 1255 1659 Cac-

137 1703 211 1766 saris
235 1725 282 1766 res
304 1709 403 1786 gestas
419 1702 551 1767 versibus
568 1703 746 1783 celebrasse,
764 1727 837 1789 quos
854 1704 903 1767 hic
919 1704 1004 1768 valde
1020 1703 1190 1790 probaverit
1205 1707 1235 1788 5)
1243 1732 1252 1783 ς

135 1814 256 1879 tandem
279 1813 357 1898 apud
382 1815 507 1877 eundem
531 1820 560 1877 ct
582 1814 664 1898 apud
688 1814 817 1880 Dionem
832 1816 863 1898 6)
889 1814 1012 1898 legItur,
1031 1811 1197 1878 Catilinam
1221 1837 1252 1878 se

137 1924 236 2009 ipsum
255 1922 396 1988 Ciceroni
411 1925 444 1986 in
468 1924 635 1987 custodiam
652 1923 800 1987 dedidisse
816 1925 855 2007 7).
881 1923 963 2004 Quae
980 1924 1083 1985 omnia
1101 1946 1139 1986 ne
1156 1922 1248 1986 verbo

136 2032 255 2117 quidem
271 2033 369 2117 tangit
380 2031 552 2117 Appianas.
577 2032 676 2113 Quem
691 2054 783 2116 porro
800 2030 882 2097 nulla
905 2031 937 2094 in
960 2053 992 2094 re
1018 2054 1085 2095 cum
1104 2031 1252 2096 Cicerone

135 2143 306 2221 concinere,
323 2165 339 2206 e
354 2142 490 2228 plurimis
506 2143 539 2205 in
563 2142 668 2227 prinris
694 2139 849 2206 Ciceronis
874 2140 1009 2225 epistolis
1031 2148 1172 2226 apparet,
1198 2141 1248 2205 ubi

135 2253 184 2316 hic
217 2253 363 2317 sententia
396 2276 447 2316 sua
479 2252 516 2316 (16
549 2259 627 2316 statu
660 2250 837 2336 reipublicae
872 2250 1051 2337 proferenda
1086 2250 1250 2314 delectatur

136 2363 233 2426 suisve
256 2364 352 2448 ipsius
376 2362 493 2426 casibus
519 2361 721 2426 describendis
746 2363 919 2426 immoratur
937 2363 977 2445 8).

234 2473 266 2536 Si
289 2474 365 2537 inter
388 2481 544 2558 utrumque
568 2473 745 2558 scriptorum
761 2474 837 2537 forte
853 2473 1033 2550 conveniat,
1050 2471 1129 2556 quod
1146 2477 1248 2534 tamen

131 2605 197 2646 raro
221 2583 276 2661 fit,
311 2607 357 2647 res
382 2583 460 2647 varie
485 2582 522 2647 ab
546 2589 670 2667 utroque
694 2583 822 2648 effertur.
871 2579 959 2664 Quod
983 2583 1074 2646 cuivis
1100 2604 1150 2645 eos
1176 2603 1248 2644 con-

131 2693 237 2757 ferenti
260 2694 297 2758 de
320 2695 402 2758 falsis
426 2693 591 2758 rumoribus
616 2716 704 2780 super
721 2690 849 2757 Caesare
866 2693 903 2756 ad
924 2692 1027 2756 urbem
1047 2690 1245 2755 contendente

131 2804 241 2889 sparsis
257 2806 286 2884 9)
312 2810 341 2867 61
365 2804 401 2866 (16
427 2800 558 2868 Curione
584 2808 739 2881 censente,
765 2802 884 2866 Caesari
908 2802 972 2864 sine
995 2823 1079 2864 mora
1095 2823 1245 2883 arcessen-

131 2912 184 2976 das
208 2913 358 2976 universas
394 2913 494 2998 copias
519 2911 764 2996 deducendosque
789 2911 826 2974 ad
850 2910 953 2974 urbem
968 2911 1021 2992 10)
1047 2909 1159 2973 clarum
1184 2911 1244 2973 fiet.

131 3021 234 3096 Aliter
257 3045 347 3108 porro
372 3019 479 3086 Cicero
503 3021 542 3084 dc
567 3018 708 3085 Curionis
732 3021 798 3106 lege
820 3020 912 3084 viaria
931 3018 984 3103 11)
1005 3020 1134 3104 loquitur
1155 3043 1242 3104 quam

130 3132 290 3218 Appianus
306 3134 380 3216 12),
405 3137 435 3194 61
459 3129 591 3215 quamvis
616 3130 703 3194 ambo
729 3131 885 3217 scriptores
908 3130 1021 3194 Romae
1037 3128 1242 3192 conditionem

130 3264 196 3305 cum
231 3241 366 3306 Athenis
399 3245 531 3325 tempore
564 3238 635 3303 belli
659 3239 771 3303 Persici
796 3244 966 3325 comparent
982 3240 1056 3320 13),
1080 3239 1241 3324 Α6616666

180 3437 204 3496 1)
240 3435 368 3498 ctapp.
387 3435 462 3498 praef.
482 3435 520 3482 14.
591 3435 615 3494 2)
652 3431 940 3491 cic.adnrr.11,a.

180 3522 205 3580 3)
241 3521 302 3569 Cic.
333 3519 367 3572 ad
394 3519 446 3568 Ati.
465 3520 508 3577 II,
528 3517 578 3577 17;
597 3519 675 3577 VIII,
694 3521 717 3566 3.
735 3517 872 3567 -Nescio
891 3533 961 3575 sanc,
981 3533 1023 3565 cur
1041 3516 1179 3580 Appianas,
1198 3514 1239 3576 qui

130 3605 226 3653 Catonis
244 3604 344 3652 verbum
363 3602 468 3668 „nuptiis
487 3603 636 3666 constuprari
654 3602 804 3666 imperium''
823 3602 901 3660 addit,
920 3601 939 3649 si
959 3601 1075 3650 Cicerone
1093 3615 1149 3647 usus
1162 3601 1236 3654 esset,

131 3689 159 3736 (16
177 3688 248 3736 huius
266 3687 383 3736 sententia
400 3687 444 3735 hac
463 3686 487 3734 in
505 3702 531 3734 re
548 3687 668 3734 tacuisset.
1180 3686 1181 3689 ’

178 3774 204 3831 4)
240 3758 354 3820 Orobii
370 3773 438 3820 Fam.
456 3770 530 3828 VIII,
549 3771 646 3833 83pro
664 3768 731 3819 Sext.
751 3771 802 3828 64;
822 3770 847 3817 in
876 3769 931 3818 Vct.
951 3770 991 3817 12.

179 3859 203 3916 5)
239 3857 303 3904 Cic.
321 3855 356 3904 ad
377 3857 406 3913 Q.
417 3857 522 3919 fratrem
533 3855 572 3912 II,
592 3854 631 3902 16.
649 3879 683 3891 -
701 3854 738 3902 cf.
756 3855 859 3902 Drum.
878 3853 933 3911 Ill,
952 3869 975 3916 p,
995 3853 1051 3900 322.

178 3943 202 4000 6)
236 3939 501 3996 DioXXXVII,32.
589 3936 613 3998 1)
649 3937 825 3986 01616061.
846 3938 916 3995 Ι,8.

178 4028 201 4086 8)
236 4026 273 4073 De
299 4024 345 4073 his.
363 4024 485 4089 epistola,
516 4039 574 4088 quas
599 4023 698 4085 longum
727 4026 762 4071 cst
792 4038 946 4080 enumcrare,
965 4021 1066 4070 lectores
1092 4016 1188 4065 remitto
1206 4015 1236 4062 ad

125 4111 227 4160 Drum.
246 4110 300 4166 III,
319 4125 342 4173 p.
361 4110 408 4157 401
423 4146 430 4166 ‚
448 4109 514 4164 414,
533 4108 599 4165 416,
617 4107 681 4163 428,
700 4106 765 4154 alibi.

177 4196 202 4254 6)
238 4190 352 4240 Cicad
369 4191 531 4249 Arr.vr‚9;
561 4187 623 4247 VII,
644 4191 807 4254 L-App
826 4191 866 4238 31.

160 4280 200 4337 10)
237 4276 297 4324 Cic.
316 4275 351 4324 ad
370 4277 435 4325 Fam.
454 4275 525 4332 XVI,
546 4275 713 4338 11.-.4pp.
734 4275 773 4322 32.
829 4276 871 4336 ll)
903 4273 961 4321 Cic.
980 4271 1014 4318 cd
1035 4271 1098 4318 bum.
1119 4271 1233 4329 V111,o.

159 4366 200 4423 ra>
235 4348 307 4426 app.
329 4359 367 4409 ar.
440 4361 480 4418 ra)
517 4356 838 4416 citaristanam,
869 4359 896 4413 r,
925 4357 1088 4418 s-apa
1111 4356 1148 4401 ao.
