2790 5152
143 566 295 646 Appianas
325 567 465 628 orationes
496 566 683 648 epistolasque
710 566 844 628 Caesaris
867 568 977 630 laudat.
1001 606 1048 618 -
1071 568 1152 633 Idem
1181 570 1256 632 Com·

143 678 312 740 cantatorium
335 679 369 739 do
392 677 461 739 bello
485 676 566 739 cicili
596 676 736 759 librosque
759 678 794 738 da
816 677 886 739 dello
909 677 1055 759 Africano
1079 685 1163 762 atque
1186 680 1256 742 llis·

136 787 275 868 paoiaoai
299 788 406 867 procul
439 787 522 850 darbia
545 787 698 863 adhibuit,
722 787 774 848 sod
794 787 837 848 ito
863 793 895 849 at
917 787 1100 851 simulatice
1124 797 1256 854 caeterea

549 898 663 962 raioa'mc
687 898 847 978 captarent.

245 1116 327 1196 Quid
352 1117 482 1194 mirum,
506 1116 587 1180 siin
611 1116 745 1181 Caesaris
770 1114 887 1181 casibus
911 1116 1123 1203 eventibusque
1148 1117 1254 1181 descri-

81 1222 84 1229 ‘
142 1224 249 1288 bondis
282 1227 454 1313 Appianum
489 1226 585 1312 ipsius
621 1226 754 1290 Caesaris
787 1227 898 1312 scripta
922 1227 1068 1294 evolvisse
1091 1228 1253 1292 invenias?
1296 1261 1298 1266 ·

149 1335 235 1415 Quae
260 1338 332 1399 varii
356 1338 471 1420 generis
500 1337 612 1414 fuisse,
636 1336 714 1421 apud
746 1359 848 1400 omnes
873 1342 1011 1403 constat:
1052 1361 1121 1402 nam
1160 1338 1193 1400 in
1217 1337 1254 1400 iis

139 1451 336 1508 numerantur
350 1467 412 1508 non
425 1445 524 1508 solum
538 1445 749 1510 Commentarii
772 1445 817 1508 illi
829 1445 866 1509 de
883 1445 963 1509 bello
974 1446 1090 1511 Gallico
1107 1455 1136 1510 et
1153 1447 1254 1524 civili,

144 1553 196 1616 sed
232 1552 373 1617 Anticato
390 1557 422 1639 1)
433 1603 442 1632 ,
474 1555 620 1618 orationes
627 1604 636 1633 ,
670 1554 810 1639 epistolae
835 1554 873 1618 ad
898 1561 1052 1634 senatum,
1077 1555 1115 1618 ad
1139 1557 1255 1620 Cicero-

143 1686 228 1742 nem,
264 1664 302 1727 ad
332 1664 490 1728 familiares
511 1666 558 1748 2).
594 1665 769 1750 Appianum
792 1665 859 1728 loco
884 1665 1089 1730 commentarii
1115 1664 1255 1729 debello
1331 1647 1333 1649 ‚

144 1773 262 1837 Gallico
287 1774 374 1840 aliam
406 1775 541 1840 Caesaris
574 1775 784 1861 scriptionem,
810 1798 886 1860 quae
910 1776 1075 1862 ephemeris
1099 1776 1255 1840 ferentin·
1349 1791 1352 1795 ’

140 1884 267 1969 scripta,
285 1885 471 1950 consultasse
480 1935 489 1964 ,
505 1885 664 1950 arbitratur
680 1885 980 1970 Selrweighaeuserus
995 1889 1041 1970 3),
1057 1886 1176 1971 qualem
1190 1885 1253 1969 qui·

145 1993 213 2056 dem
249 1995 468 2080 ephemeridem
503 1996 669 2074 exstitisse,
692 1994 742 2059 alii
766 2001 880 2079 negant
896 1998 936 2077 A).
986 1995 1077 2076 Quod
1100 1995 1254 2080 explorare

144 2125 238 2186 quum
262 2128 363 2168 meum
386 2128 448 2169 non
472 2105 530 2184 sit,
554 2106 587 2167 in
611 2111 785 2168 transcursu
801 2126 920 2168 moneo.
952 2104 1092 2168 Ceterum
1107 2108 1254 2170 orationes

141 2235 228 2298 saepe
265 2214 337 2279 citat
364 2216 524 2301 Appianas
539 2217 591 2297 5),
627 2213 766 2300 epistolas
802 2236 869 2277 raro
894 2214 978 2278 affert
993 2218 1032 2297 6).
1079 2215 1129 2278 Ad
1166 2238 1254 2300 quem

142 2324 271 2409 epistola
293 2325 366 2403 illa,
402 2349 418 2388 e
455 2348 515 2410 qua
536 2324 639 2403 locum
668 2303 833 2409 quendam
849 2323 972 2388 adducit
990 2326 1036 2408 7),
1060 2325 1171 2411 scripta
1195 2326 1254 2404 sit,

141 2434 224 2498 haud
247 2435 369 2514 adiicit,
399 2436 452 2500 sed
486 2436 518 2500 in
550 2459 585 2500 ea
608 2435 745 2521 Pompeii
773 2440 951 2519 stratagema
973 2434 1136 2520 improbari
1161 2436 1253 2515 dicit,

140 2544 194 2629 qui
228 2545 344 2631 pedites
381 2569 452 2609 suos
483 2545 607 2610 iusserit
643 2551 755 2610 stantes
787 2545 947 2630 praetentis
986 2544 1079 2610 hastis
1107 2545 1255 2633 impetum

138 2655 320 2719 irruentium
345 2656 479 2720 hostium
504 2656 649 2742 excipere.
686 2655 777 2737 Quod
802 2655 934 2719 scribens
957 2657 1115 2740 Appianas
1131 2655 1169 2718 ad
1185 2656 1256 2720 Cae·

137 2765 214 2828 saris
239 2767 468 2831 commentarios
493 2789 656 2852 provocare
679 2765 799 2851 potuit,
822 2765 855 2829 in
881 2764 992 2850 quibus
1016 2765 1094 2829 illud
1118 2765 1255 2850 Pompeii

142 2874 315 2938 institutum
339 2876 468 2960 pariter,
493 2875 550 2939 etsi
571 2876 662 2960 paulo
686 2875 800 2953 fusius,
824 2874 1010 2961 vituperatur
1022 2877 1066 2958 8).
1115 2875 1175 2938 Sed
1197 2897 1249 2953 ea,

143 3006 219 3068 quae
255 2983 417 3069 Appianas
454 2985 561 3049 deinde
596 3007 632 3049 ex
657 2985 761 3048 eadem
784 2984 911 3070 epistola
933 2984 1045 3062 tradit,
1069 2989 1193 3049 eatenus
1217 2983 1258 3049 ab¹

142 3093 250 3156 iisdem
274 3095 494 3158 commentariis
519 3094 689 3179 discrepant
700 3142 709 3171 ,
734 3100 882 3179 quatenus
905 3093 938 3156 in
963 3093 1016 3157 illa
1040 3093 1254 3157 circumvento·

141 3226 208 3268 rum
232 3204 364 3268 hostium
388 3205 600 3289 inchoataeque
620 3205 761 3270 victoriae
784 3203 850 3267 laus
868 3203 978 3268 diserte
995 3202 1126 3268 decimae
1141 3203 1255 3288 legioni

140 3312 283 3377 tribuitur
297 3317 349 3398 9),
379 3337 474 3398 quum
502 3314 535 3377 in
571 3313 792 3378 commentariis
825 3313 934 3377 Caesar
975 3312 1100 3376 eandem
1134 3311 1255 3376 laudem

140 3424 225 3488 nulla
248 3427 399 3489 mentione
423 3424 553 3488 decimae
577 3425 704 3509 legionis
728 3424 806 3488 facta
829 3421 966 3486 studiose
991 3444 1044 3485 sex
1071 3421 1130 3485 illis
1151 3420 1253 3484 cohor·

141 3534 221 3598 tibus
245 3535 412 3614 adscribat,
437 3558 511 3620 quas
536 3558 551 3598 e
576 3535 663 3599 tertia
687 3535 748 3598 acie
772 3534 921 3597 detractas
946 3531 979 3595 in
1011 3529 1147 3595 subsidio
1176 3531 1253 3593 loea-

141 3651 222 3710 verat
237 3647 298 3728 lo).
346 3646 440 3709 Cuius
464 3643 679 3709 inconstantiae
703 3641 889 3728 probabilem
912 3663 1034 3706 eausam
1057 3641 1089 3704 in
1113 3663 1148 3704 eo
1165 3640 1253 3703 sitam

191 3905 215 3964 Ι)
241 3902 295 3950 Vid.
314 3902 479 3965 supraptt).
533 3899 561 3962 2)
591 3898 859 3956 stercoratos.

125 3973 126 3978 ¹
188 3990 217 4050 3)
252 3985 425 4048 Schweigh.
443 3984 558 4042 Exercit,
570 4000 593 4047 p.
614 3981 707 4042 ΙΙΙ-72,
727 3981 762 4031 od
777 3983 844 4048 App.
864 3981 922 4041 111,
940 3999 964 4047 p.
986 3983 1033 4031 184
1050 3996 1085 4043 sq.

188 4074 218 4137 4)
255 4071 357 4119 Drum.
377 4069 434 4127 ΙΙΙ,
453 4086 476 4133 p.
497 4067 553 4119 755.
571 4092 605 4106 ν·-
623 4068 706 4116 Bshr
724 4068 765 4126 11,
784 4085 807 4132 p.
826 4068 866 4116 43.

190 4159 217 4220 5)
250 4157 322 4220 App.
344 4156 390 4212 10,
408 4151 521 4212 43„47,
542 4154 586 4210 53,
606 4154 651 4210 55,
671 4151 710 4203 73.
730 4180 762 4189 --
780 4153 854 4201 Plura
872 4152 901 4200 dc
918 4152 964 4201 hoc
988 4151 1128 4213 argumento
1146 4148 1216 4195 infra.

187 4245 216 4304 d)
252 4243 322 4305 App.
343 4238 447 4297 32,79.
519 4236 543 4299 7)
578 4240 649 4303 App.
669 4235 708 4286 79.
779 4240 805 4295 8)
843 4231 1246 4287 Caes.debell.civ.111‚oa.

187 4329 216 4393 θ)
254 4326 322 4390 Quod
341 4326 412 4374 ctiam
431 4325 493 4388 apud
511 4325 581 4388 App.
602 4321 633 4372 78
652 4324 685 4372 fit..
764 4323 806 4383 10)
843 4323 926 4370 (laos.
947 4317 1115 4368 debellata.
1135 4317 1189 4373 ΙΙΙ,
1210 4320 1248 4366 94.
