2790 5152
689 271 732 334 30

156 491 190 532 ac
214 467 251 531 de
275 468 346 532 aede
370 469 493 532 Veneris
518 468 670 553 genitricis
690 470 734 552 1),
759 491 835 554 quac
859 471 890 532 iu
914 477 1018 534 senatu
1042 478 1107 535 acta
1131 472 1190 534 sint
1215 493 1259 534 re·

154 578 182 641 fc
198 584 210 640 t
227 581 275 663 2);
312 579 459 641 orationes
495 576 620 641 Antonii
650 576 796 662 Brutique
829 578 932 642 laudat
949 581 989 662 3).
1077 580 1144 664 tqui
1183 581 1263 643 unde

153 690 285 776 prolecta
308 688 368 750 sint
399 709 475 770 quae
499 695 621 764 narrat,
652 709 689 749 ne
715 687 757 749 sic
789 671 911 771 quidem
948 687 1019 751 satis
1044 690 1261 772 cognoscimus,

154 798 203 861 Ad
228 796 421 860 conferendos
453 796 545 880 igitur
581 796 754 880 scriptores,
786 797 839 880 qui
871 797 989 860 easdem
1019 820 1065 860 res
1105 800 1259 862 tractarint

153 908 264 992 quique
287 905 373 968 nobis
398 907 610 984 remanserint,
635 906 733 970 denuo
758 907 993 991 confugiendum
1010 914 1077 986 est,
1101 907 1153 970 sed
1178 908 1262 991 prius

152 1016 331 1093 videndum,
357 1038 503 1100 quosnam
540 1017 698 1101 scriptores
723 1015 759 1078 dc
794 1014 883 1079 rebus
915 1016 974 1079 illis
1010 1017 1105 1100 egisse
1137 1022 1223 1079 const
1240 1023 1261 1080 t.

152 1128 194 1190 Hi
219 1132 317 1189 autem
350 1131 436 1188 sunt:
485 1124 620 1212 Oppius,
652 1125 771 1188 Hirtius
783 1174 792 1203 ,
824 1123 955 1202 Balbus,
992 1125 1116 1189 Asinius
1140 1123 1257 1200 Pollio,

152 1235 299 1311 Bibulus,
324 1235 480 1309 Curiones,
515 1214 575 1297 Cn..
593 1232 766 1311 Dolabella,
790 1233 833 1296 M.
865 1235 995 1311 Brutus,
1020 1235 1053 1298 C.
1077 1233 1258 1310 Memmius,

150 1345 300 1408 'Canusins
326 1343 488 1421 Geminus,
522 1343 664 1407 Actorius
696 1343 797 1420 Nas0,
821 1344 967 1428 AmpiuS,
995 1341 1136 1419 Tubero,
1168 1342 1256 1406 Corn.

148 1454 268 1538 NcPOS,
300 1453 457 1516 Munatius
489 1453 602 1531 Rufus,
635 1452 803 1539 EmpyluS,
834 1453 1046 1538 Theophanes,
1081 1452 1257 1528 Antonius,

38 1548 46 1580 ³
148 1561 235 1638 Tiro,
258 1560 442 1638 Fenestella,
467 1560 626 1640 Octavius,
647 1561 816 1638 Diodorus,
840 1560 954 1625 Livius.
1002 1560 1141 1642 Quorum
1165 1561 1255 1645 scrip-

147 1679 247 1735 torum
279 1693 369 1755 opera
397 1677 449 1734 aut
481 1671 625 1748 omnino,
654 1678 706 1734 aut
738 1671 870 1734 maxima
907 1694 943 1734 ex
977 1677 1061 1756 parte
1090 1671 1253 1755 perierunt.

146 1781 193 1844 Ex
215 1780 252 1844 iis
277 1802 344 1843 vero
356 1829 365 1858 ,
390 1781 443 1864 qui
468 1780 558 1844 hodie
581 1787 713 1858 exstant,
730 1781 831 1845 eadem
863 1786 997 1866 tempora
1021 1779 1167 1865 complexi
1184 1786 1255 1842 sunt

144 1890 321 1967 Frontinus,
346 1889 470 1967 Cicero,
494 1890 671 1967 Sallustius,
704 1890 831 1967 Caesar,
868 1890 995 1974 scriptor
1024 1887 1096 1952 belli
1127 1889 1255 1952 Alexan·

144 1999 238 2077 drini,
262 1997 334 2062 belli
358 1998 490 2062 Africani
506 2005 536 2062 et
552 1997 623 2062 belli
650 1999 875 2084 Hispaniensis,
899 1998 1034 2062 Velleius
1057 1996 1254 2076 Paterculus,

144 2108 282 2172 Valerius
299 2107 468 2191 Maximus,
491 2107 657 2185 Asconius,
673 2107 829 2185 Lucanus,
853 2108 1032 2185 Suetonius,
1056 2105 1254 2184 PlutarcAUS,

144 2218 260 2282 Florus.
307 2217 373 2280 lam
397 2217 433 2280 de
457 2216 583 2300 singulis
607 2217 768 2280 videamus.

246 2325 395 2411 Oppium,
419 2324 574 2403 Hirtium,
599 2325 687 2389 Corn.
703 2324 850 2408 Balbum,
873 2325 1014 2390 Asinium
1029 2325 1198 2389 Pollionem
1214 2327 1252 2389 ad

141 2435 315 2518 scriptores,
341 2435 393 2520 qui
424 2459 441 2498 a
474 2435 607 2500 Caesaris
634 2434 770 2521 partibus
795 2434 932 2514 stabant,
956 2436 1103 2522 pertinere
1133 2437 1252 2500 notissi-

142 2552 226 2609 mum
250 2551 302 2608 est.
350 2544 383 2609 C.
408 2544 540 2631 OppiuS,
572 2545 616 2609 uti
646 2545 775 2610 vidimus
794 2548 842 2631 4),
874 2545 986 2611 librum
1015 2546 1190 2631 conscripsit
1214 2544 1251 2608 de

137 2654 197 2718 vita
226 2655 381 2742 Pompeii,
413 2656 536 2719 fortasse
579 2656 715 2720 condidit
746 2679 867 2740 quoque
910 2657 1000 2720 vitam
1042 2656 1174 2721 Caesaris
1195 2658 1246 2738 5),

139 2764 259 2829 tandem
283 2765 378 2828 edidit
401 2765 528 2829 librum:
553 2788 639 2844 „uon
663 2789 727 2829 esse
751 2766 884 2830 Caesaris
908 2766 1024 2842 filium,
1049 2787 1138 2849 quem
1163 2764 1247 2829 Cleo·

138 2880 221 2959 patra
246 2874 342 2938 dicat’
371 2877 410 2957 6).
474 2874 610 2952 Hirtius,
643 2881 679 2937 ut
706 2876 771 2958 ipse
805 2875 896 2938 tradit
910 2877 960 2957 7),
989 2875 1121 2938 Caesaris
1156 2875 1248 2938 vitam

134 2984 292 3067 usquead
328 2984 441 3047 exitum
479 2984 660 3068 composuit.
710 2984 799 3048 Corn.
835 2982 967 3048 Balbum
998 2984 1131 3048 Caesaris
1163 2991 1247 3069 gesta

136 3093 367 3179 descripsissee
400 3092 536 3156 Suetonii
561 3091 627 3155 loco
659 3091 788 3176 quodam
806 3095 841 3176 8)
875 3093 1028 3156 concludit
1060 3093 1187 3157 Vossius
1207 3079 1247 3178 9).

135 3203 228 3286 Quod
251 3202 406 3286 equidem,
430 3224 525 3286 quum
548 3201 604 3265 hac
636 3202 668 3265 in
703 3226 734 3266 rc
770 3202 835 3266 aliis
870 3203 988 3266 indiciis
1012 3225 1185 3281 careamus,
1214 3203 1247 3266 in

137 3313 237 3376 medio
274 3312 418 3397 relinquo.
478 3312 536 3376 Sed
573 3312 641 3376 illos
673 3320 732 3376 tres
765 3312 922 3398 scriptores
952 3320 1055 3376 utrum
1087 3313 1244 3398 Appianus

133 3422 239 3486 adierit
262 3445 375 3501 necne,
395 3445 488 3506 aeque
511 3423 666 3487 incertum.
713 3422 800 3486 Nihil
825 3422 924 3502 enim,
949 3422 1031 3508 quod
1055 3445 1091 3486 ex
1115 3422 1152 3485 iis
1177 3444 1243 3506 pro·

131 3532 254 3596 fluxisse
277 3533 431 3609 novimus,
464 3554 532 3597 cum
555 3531 695 3617 Appiano
728 3531 891 3617 comparari
931 3535 1038 3617 potest.
1086 3531 1119 3595 C.
1143 3529 1243 3593 Asinii

132 3640 298 3721 Pollionis,
322 3649 352 3706 et
375 3642 490 3706 strenui
513 3641 617 3704 militis
642 3647 672 3705 et
696 3641 847 3727 scriptoris
877 3639 1050 3716 clarissimi,
1074 3639 1242 3724 frequenter

132 3750 266 3815 meminit
287 3751 444 3837 Appianas
465 3752 527 3835 10).
574 3749 777 3813 Historiarum
806 3772 928 3814 suarum
959 3747 1152 3834 praecipuum
1177 3746 1242 3831 qui-

131 3861 199 3925 dem
223 3866 431 3946 argumentum
447 3859 550 3923 fecisse
574 3856 688 3922 bellum
705 3858 790 3922 civile
814 3858 890 3922 inter
915 3855 1091 3942 Pompeium
1116 3863 1145 3919 ct
1169 3855 1239 3919 Cae·

163 4023 187 4082 1)
222 4013 370 4086 Applua.
441 4021 465 4081 a)
500 4020 694 4084 Aparaasq.
766 4019 790 4079 a)
825 4015 1065 4083 apameiae,
1087 4017 1142 4063 mr.

163 4108 189 4165 4)
223 4104 276 4153 Vid.
295 4107 367 4168 supra
382 4121 406 4169 p.
427 4105 474 4162 11,
492 4109 542 4152 not.
562 4103 584 4153 7.

165 4191 189 4250 5)
224 4189 364 4246 Hecren,
382 4205 406 4252 p.
426 4189 481 4236 136.
499 4213 534 4224 -
551 4187 749 4249 Schweiger,
768 4184 797 4234 de
807 4188 879 4250 fiant·
892 4195 945 4250 atq.
957 4193 1048 4234 auctor.
1068 4184 1119 4232 citt.
1139 4182 1237 4234 Sucroa.

128 4291 152 4340 p.
172 4266 526 4335 7.-Ba11r‚11,p.'4a
613 4273 637 4331 6)
672 4270 754 4319 Suet.
779 4268 851 4319 Caes.
870 4271 909 4319 52.

163 4356 186 4416 7)
221 4353 334 4404 Debell.
358 4353 425 4405 Gall.
446 4356 564 4413 VIII‚l.
652 4354 675 4413 8)
711 4353 791 4402 Suet.
813 4353 881 4404 Caes.
901 4355 924 4402 8.

157 4443 181 4501 9)
216 4438 432 4488 Vosscchist.
453 4437 587 4496 Lut.I,c.
608 4436 646 4484 13.
691 4435 732 4496 10)
767 4438 839 4501 App.
858 4435 959 4493 ΠΛΟ,
977 4436 1018 4493 45,
1037 4436 1069 4484 82
1087 4439 1111 4485 et
1129 4437 1193 4486 alibi.
