<?xml version="1.0" encoding="UTF-8"?>
<!DOCTYPE html PUBLIC "-//W3C//DTD XHTML 1.0 Transitional//EN"
    "http://www.w3.org/TR/xhtml1/DTD/xhtml1-transitional.dtd">
<html xmlns="http://www.w3.org/1999/xhtml" xml:lang="en" lang="en">
 <head>
  <title>
</title>
<meta http-equiv="Content-Type" content="text/html;charset=utf-8" />
  <meta name='ocr-system' content='tesseract 3.04.00' />
  <meta name='ocr-capabilities' content='ocr_page ocr_carea ocr_par ocr_line ocrx_word'/>
</head>
<body>
  <div class='ocr_page' id='page_1' title='image "./defideetauctori00wijngoog_0031.png"; bbox 0 0 2790 5152; ppageno 0'>
   <div class='ocr_carea' id='block_1_1' title="bbox 74 645 1228 838">
    <p class='ocr_par' dir='ltr' id='par_1_1' title="bbox 74 645 1228 838">
     <span class='ocr_line' id='line_1_1' title="bbox 74 645 1228 751; baseline 0.004 -39"><span class='ocrx_word' id='word_1_1' title='bbox 74 736 80 751; x_wconf 90' lang='lat'><strong><em>.</em></strong></span> <span class='ocrx_word' id='word_1_2' title='bbox 188 652 352 732; x_wconf 74' lang='lat' dir='ltr'><em>Appianum</em></span> <span class='ocrx_word' id='word_1_3' title='bbox 375 649 447 733; x_wconf 84' lang='lat' dir='ltr'><strong>qaid</strong></span> <span class='ocrx_word' id='word_1_4' title='bbox 467 670 483 710; x_wconf 90' lang='lat' dir='ltr'><em>e</em></span> <span class='ocrx_word' id='word_1_5' title='bbox 504 646 643 710; x_wconf 58' lang='lat' dir='ltr'><strong>‘Frontino</strong></span> <span class='ocrx_word' id='word_1_6' title='bbox 654 693 663 722; x_wconf 94' lang='lat'><strong>,</strong></span> <span class='ocrx_word' id='word_1_7' title='bbox 687 667 703 708; x_wconf 86' lang='lat' dir='ltr'><em>e</em></span> <span class='ocrx_word' id='word_1_8' title='bbox 730 645 878 725; x_wconf 65' lang='lat' dir='ltr'><strong>(irenem,</strong></span> <span class='ocrx_word' id='word_1_9' title='bbox 909 669 924 708; x_wconf 87' lang='lat' dir='ltr'><strong>e</strong></span> <span class='ocrx_word' id='word_1_10' title='bbox 952 647 1056 711; x_wconf 79' lang='lat' dir='ltr'><em>Velleio</em></span> <span class='ocrx_word' id='word_1_11' title='bbox 1080 650 1228 716; x_wconf 78' lang='lat' dir='ltr'><strong>Paterculo</strong></span> 
     </span>
     <span class='ocr_line' id='line_1_2' title="bbox 523 754 893 838; baseline -0.003 -17"><span class='ocrx_word' id='word_1_12' title='bbox 523 754 727 838; x_wconf 67' lang='lat' dir='ltr'><strong>deprompsisse</strong></span> <span class='ocrx_word' id='word_1_13' title='bbox 750 778 893 838; x_wconf 69' lang='lat' dir='ltr'><strong>ceponius.</strong></span> 
     </span>
    </p>
   </div>
   <div class='ocr_carea' id='block_1_2' title="bbox 85 973 1301 3799">
    <p class='ocr_par' dir='ltr' id='par_1_2' title="bbox 85 973 1301 3799">
     <span class='ocr_line' id='line_1_3' title="bbox 251 973 1265 1061; baseline 0.001 -21"><span class='ocrx_word' id='word_1_14' title='bbox 251 976 324 1041; x_wconf 92' lang='lat' dir='ltr'><strong>Non</strong></span> <span class='ocrx_word' id='word_1_15' title='bbox 356 983 422 1055; x_wconf 89' lang='lat' dir='ltr'><strong>est,</strong></span> <span class='ocrx_word' id='word_1_16' title='bbox 453 973 534 1060; x_wconf 91' lang='lat' dir='ltr'><strong>quod</strong></span> <span class='ocrx_word' id='word_1_17' title='bbox 568 974 765 1052; x_wconf 81' lang='lat' dir='ltr'><strong>miraremur,</strong></span> <span class='ocrx_word' id='word_1_18' title='bbox 795 973 822 1037; x_wconf 90' lang='lat' dir='ltr'><strong>si</strong></span> <span class='ocrx_word' id='word_1_19' title='bbox 857 980 1042 1061; x_wconf 88' lang='lat' dir='ltr'><strong>compertum</strong></span> <span class='ocrx_word' id='word_1_20' title='bbox 1075 975 1265 1057; x_wconf 83' lang='lat' dir='ltr'><strong>haberemus,</strong></span> 
     </span>
     <span class='ocr_line' id='line_1_4' title="bbox 151 1084 1263 1172; baseline -0.003 -19"><span class='ocrx_word' id='word_1_21' title='bbox 151 1089 229 1154; x_wconf 86' lang='lat' dir='ltr'><strong>Livii</strong></span> <span class='ocrx_word' id='word_1_22' title='bbox 265 1087 358 1152; x_wconf 88' lang='lat' dir='ltr'><strong>libros</strong></span> <span class='ocrx_word' id='word_1_23' title='bbox 389 1085 641 1172; x_wconf 87' lang='lat' dir='ltr'><strong>locupletissimos</strong></span> <span class='ocrx_word' id='word_1_24' title='bbox 682 1084 773 1148; x_wconf 90' lang='lat' dir='ltr'><strong>duces</strong></span> <span class='ocrx_word' id='word_1_25' title='bbox 808 1085 984 1170; x_wconf 85' lang='lat' dir='ltr'><strong>praecipuos</strong></span> <span class='ocrx_word' id='word_1_26' title='bbox 1007 1087 1139 1171; x_wconf 90' lang='lat' dir='ltr'><strong>Appiani</strong></span> <span class='ocrx_word' id='word_1_27' title='bbox 1163 1086 1263 1150; x_wconf 88' lang='lat' dir='ltr'><strong>fnisse.</strong></span> 
     </span>
     <span class='ocr_line' id='line_1_5' title="bbox 152 1191 1262 1283; baseline -0.005 -21"><span class='ocrx_word' id='word_1_28' title='bbox 152 1198 265 1281; x_wconf 75' lang='lat' dir='ltr'><strong>Quales</strong></span> <span class='ocrx_word' id='word_1_29' title='bbox 282 1197 457 1283; x_wconf 85' lang='lat' dir='ltr'><strong>Appianum</strong></span> <span class='ocrx_word' id='word_1_30' title='bbox 477 1192 534 1257; x_wconf 91' lang='lat' dir='ltr'><strong>sibi</strong></span> <span class='ocrx_word' id='word_1_31' title='bbox 546 1214 736 1277; x_wconf 89' lang='lat' dir='ltr'><strong>nequaquam</strong></span> <span class='ocrx_word' id='word_1_32' title='bbox 760 1191 884 1276; x_wconf 82' lang='lat' dir='ltr'><strong>elegisse</strong></span> <span class='ocrx_word' id='word_1_33' title='bbox 906 1199 967 1256; x_wconf 90' lang='lat' dir='ltr'><strong>tres</strong></span> <span class='ocrx_word' id='word_1_34' title='bbox 990 1193 1058 1258; x_wconf 88' lang='lat' dir='ltr'><strong>illos</strong></span> <span class='ocrx_word' id='word_1_35' title='bbox 1083 1194 1262 1277; x_wconf 75' lang='lat' dir='ltr'><strong>scriptores,</strong></span> 
     </span>
     <span class='ocr_line' id='line_1_6' title="bbox 151 1301 1262 1393; baseline -0.005 -21"><span class='ocrx_word' id='word_1_36' title='bbox 151 1309 189 1372; x_wconf 90' lang='lat' dir='ltr'><strong>ad</strong></span> <span class='ocrx_word' id='word_1_37' title='bbox 204 1330 280 1393; x_wconf 90' lang='lat' dir='ltr'><strong>quos</strong></span> <span class='ocrx_word' id='word_1_38' title='bbox 293 1312 460 1390; x_wconf 88' lang='lat' dir='ltr'><strong>temporum</strong></span> <span class='ocrx_word' id='word_1_39' title='bbox 473 1302 587 1367; x_wconf 88' lang='lat' dir='ltr'><strong>ratione</strong></span> <span class='ocrx_word' id='word_1_40' title='bbox 598 1324 681 1366; x_wconf 89' lang='lat' dir='ltr'><strong>nunc</strong></span> <span class='ocrx_word' id='word_1_41' title='bbox 692 1301 860 1380; x_wconf 87' lang='lat' dir='ltr'><strong>deferimur,</strong></span> <span class='ocrx_word' id='word_1_42' title='bbox 872 1301 1060 1381; x_wconf 79' lang='lat' dir='ltr'><strong>Frontinum,</strong></span> <span class='ocrx_word' id='word_1_43' title='bbox 1080 1303 1262 1381; x_wconf 83' lang='lat' dir='ltr'><strong>Ciceronem,</strong></span> 
     </span>
     <span class='ocr_line' id='line_1_7' title="bbox 151 1412 1263 1500; baseline -0.002 -20"><span class='ocrx_word' id='word_1_44' title='bbox 151 1416 302 1480; x_wconf 87' lang='lat' dir='ltr'><strong>Velleium</strong></span> <span class='ocrx_word' id='word_1_45' title='bbox 323 1413 523 1490; x_wconf 86' lang='lat' dir='ltr'><strong>Paterculum,</strong></span> <span class='ocrx_word' id='word_1_46' title='bbox 544 1413 715 1476; x_wconf 88' lang='lat' dir='ltr'><strong>nulladum</strong></span> <span class='ocrx_word' id='word_1_47' title='bbox 727 1412 934 1496; x_wconf 82' lang='lat' dir='ltr'><strong>disquisitione</strong></span> <span class='ocrx_word' id='word_1_48' title='bbox 956 1413 1096 1477; x_wconf 88' lang='lat' dir='ltr'><strong>instituta</strong></span> <span class='ocrx_word' id='word_1_49' title='bbox 1106 1413 1166 1477; x_wconf 90' lang='lat' dir='ltr'><strong>iam</strong></span> <span class='ocrx_word' id='word_1_50' title='bbox 1182 1425 1263 1500; x_wconf 88' lang='lat' dir='ltr'><strong>prae·</strong></span> 
     </span>
     <span class='ocr_line' id='line_1_8' title="bbox 152 1523 1260 1609; baseline -0.003 -19"><span class='ocrx_word' id='word_1_51' title='bbox 152 1526 261 1590; x_wconf 86' lang='lat' dir='ltr'><strong>sentire</strong></span> <span class='ocrx_word' id='word_1_52' title='bbox 283 1523 362 1589; x_wconf 87' lang='lat' dir='ltr'><strong>licet.</strong></span> <span class='ocrx_word' id='word_1_53' title='bbox 393 1524 420 1588; x_wconf 84' lang='lat' dir='ltr'><strong>F</strong></span> <span class='ocrx_word' id='word_1_54' title='bbox 444 1523 530 1587; x_wconf 89' lang='lat' dir='ltr'><strong>nullo</strong></span> <span class='ocrx_word' id='word_1_55' title='bbox 554 1523 633 1586; x_wconf 90' lang='lat' dir='ltr'><strong>enim</strong></span> <span class='ocrx_word' id='word_1_56' title='bbox 657 1545 760 1587; x_wconf 88' lang='lat' dir='ltr'><strong>eorum</strong></span> <span class='ocrx_word' id='word_1_57' title='bbox 779 1529 923 1609; x_wconf 88' lang='lat' dir='ltr'><strong>perpetua</strong></span> <span class='ocrx_word' id='word_1_58' title='bbox 946 1523 1069 1588; x_wconf 88' lang='lat' dir='ltr'><strong>historia</strong></span> <span class='ocrx_word' id='word_1_59' title='bbox 1091 1529 1260 1609; x_wconf 76' lang='lat' dir='ltr'><strong>temporum</strong></span> 
     </span>
     <span class='ocr_line' id='line_1_9' title="bbox 150 1615 1261 1721; baseline -0.003 -22"><span class='ocrx_word' id='word_1_60' title='bbox 150 1636 295 1711; x_wconf 88' lang='lat' dir='ltr'><strong>illorum,</strong></span> <span class='ocrx_word' id='word_1_61' title='bbox 316 1655 391 1719; x_wconf 88' lang='lat' dir='ltr'><strong>quos</strong></span> <span class='ocrx_word' id='word_1_62' title='bbox 417 1630 559 1696; x_wconf 83' lang='lat' dir='ltr'><strong>describit</strong></span> <span class='ocrx_word' id='word_1_63' title='bbox 582 1633 762 1718; x_wconf 83' lang='lat' dir='ltr'><strong>Appianas,</strong></span> <span class='ocrx_word' id='word_1_64' title='bbox 787 1631 889 1715; x_wconf 86' lang='lat' dir='ltr'><strong>colligi</strong></span> <span class='ocrx_word' id='word_1_65' title='bbox 914 1632 1022 1717; x_wconf 89' lang='lat' dir='ltr'><strong>potuit.</strong></span> <span class='ocrx_word' id='word_1_66' title='bbox 1070 1615 1261 1721; x_wconf 74' lang='lat' dir='ltr'><strong>Quapropter</strong></span> 
     </span>
     <span class='ocr_line' id='line_1_10' title="bbox 149 1741 1263 1826; baseline -0.004 -18"><span class='ocrx_word' id='word_1_67' title='bbox 149 1745 238 1808; x_wconf 88' lang='lat' dir='ltr'><strong>unice</strong></span> <span class='ocrx_word' id='word_1_68' title='bbox 272 1741 496 1826; x_wconf 85' lang='lat' dir='ltr'><strong>indagandum,</strong></span> <span class='ocrx_word' id='word_1_69' title='bbox 532 1747 679 1826; x_wconf 89' lang='lat' dir='ltr'><strong>quatenus</strong></span> <span class='ocrx_word' id='word_1_70' title='bbox 715 1741 874 1826; x_wconf 88' lang='lat' dir='ltr'><strong>Appianus</strong></span> <span class='ocrx_word' id='word_1_71' title='bbox 908 1741 1034 1804; x_wconf 87' lang='lat' dir='ltr'><strong>fortasse</strong></span> <span class='ocrx_word' id='word_1_72' title='bbox 1062 1762 1158 1805; x_wconf 91' lang='lat' dir='ltr'><strong>unum</strong></span> <span class='ocrx_word' id='word_1_73' title='bbox 1191 1741 1263 1805; x_wconf 88' lang='lat' dir='ltr'><strong>alte·</strong></span> 
     </span>
     <span class='ocr_line' id='line_1_11' title="bbox 150 1850 1263 1937; baseline -0.004 -18"><span class='ocrx_word' id='word_1_74' title='bbox 150 1876 254 1919; x_wconf 85' lang='lat' dir='ltr'><strong>rumve</strong></span> <span class='ocrx_word' id='word_1_75' title='bbox 277 1877 314 1916; x_wconf 86' lang='lat' dir='ltr'><strong>ex</strong></span> <span class='ocrx_word' id='word_1_76' title='bbox 337 1852 374 1915; x_wconf 89' lang='lat' dir='ltr'><strong>iis</strong></span> <span class='ocrx_word' id='word_1_77' title='bbox 398 1851 569 1937; x_wconf 81' lang='lat' dir='ltr'><strong>inspexerit.</strong></span> <span class='ocrx_word' id='word_1_78' title='bbox 598 1851 725 1915; x_wconf 82' lang='lat' dir='ltr'><strong>Constat</strong></span> <span class='ocrx_word' id='word_1_79' title='bbox 740 1856 856 1927; x_wconf 87' lang='lat' dir='ltr'><strong>autem,</strong></span> <span class='ocrx_word' id='word_1_80' title='bbox 872 1850 1052 1914; x_wconf 82' lang='lat' dir='ltr'><strong>Frontinum</strong></span> <span class='ocrx_word' id='word_1_81' title='bbox 1069 1873 1167 1936; x_wconf 89' lang='lat' dir='ltr'><strong>opus,</strong></span> <span class='ocrx_word' id='word_1_82' title='bbox 1184 1851 1263 1914; x_wconf 85' lang='lat' dir='ltr'><strong>Stra-</strong></span> 
     </span>
     <span class='ocr_line' id='line_1_12' title="bbox 150 1958 1262 2048; baseline -0.004 -20"><span class='ocrx_word' id='word_1_83' title='bbox 150 1961 346 2048; x_wconf 83' lang='lat' dir='ltr'><strong>tegematicbn</strong></span> <span class='ocrx_word' id='word_1_84' title='bbox 378 1959 466 2025; x_wconf 89' lang='lat' dir='ltr'><strong>titulo</strong></span> <span class='ocrx_word' id='word_1_85' title='bbox 495 1960 674 2045; x_wconf 87' lang='lat' dir='ltr'><strong>insignitum</strong></span> <span class='ocrx_word' id='word_1_86' title='bbox 689 1962 739 2042; x_wconf 84' lang='lat'><strong>1),</strong></span> <span class='ocrx_word' id='word_1_87' title='bbox 770 1959 970 2045; x_wconf 84' lang='lat' dir='ltr'><strong>compegisse,</strong></span> <span class='ocrx_word' id='word_1_88' title='bbox 1003 1959 1082 2043; x_wconf 92' lang='lat' dir='ltr'><strong>quod</strong></span> <span class='ocrx_word' id='word_1_89' title='bbox 1113 1958 1262 2024; x_wconf 87' lang='lat' dir='ltr'><strong>bellorum</strong></span> 
     </span>
     <span class='ocr_line' id='line_1_13' title="bbox 152 2055 1289 2154; baseline -0.003 -16"><span class='ocrx_word' id='word_1_90' title='bbox 152 2074 283 2138; x_wconf 88' lang='lat' dir='ltr'><strong>civilium</strong></span> <span class='ocrx_word' id='word_1_91' title='bbox 306 2055 451 2136; x_wconf 84' lang='lat' dir='ltr'><strong>rationem</strong></span> <span class='ocrx_word' id='word_1_92' title='bbox 474 2069 571 2134; x_wconf 85' lang='lat' dir='ltr'><strong>habet.</strong></span> <span class='ocrx_word' id='word_1_93' title='bbox 620 2070 711 2133; x_wconf 92' lang='lat' dir='ltr'><strong>Hunc</strong></span> <span class='ocrx_word' id='word_1_94' title='bbox 740 2068 872 2147; x_wconf 89' lang='lat' dir='ltr'><strong>librum,</strong></span> <span class='ocrx_word' id='word_1_95' title='bbox 897 2091 987 2154; x_wconf 87' lang='lat' dir='ltr'><strong>quern</strong></span> <span class='ocrx_word' id='word_1_96' title='bbox 1020 2091 1118 2154; x_wconf 89' lang='lat' dir='ltr'><strong>neque</strong></span> <span class='ocrx_word' id='word_1_97' title='bbox 1147 2070 1289 2136; x_wconf 68' lang='lat' dir='ltr'><strong>Plutar·‘</strong></span> 
     </span>
     <span class='ocr_line' id='line_1_14' title="bbox 151 2179 1263 2265; baseline -0.002 -19"><span class='ocrx_word' id='word_1_98' title='bbox 151 2183 225 2246; x_wconf 89' lang='lat' dir='ltr'><strong>chus</strong></span> <span class='ocrx_word' id='word_1_99' title='bbox 250 2181 406 2259; x_wconf 84' lang='lat' dir='ltr'><strong>adhibuit,</strong></span> <span class='ocrx_word' id='word_1_100' title='bbox 430 2179 467 2244; x_wconf 90' lang='lat' dir='ltr'><strong>ab</strong></span> <span class='ocrx_word' id='word_1_101' title='bbox 492 2181 635 2265; x_wconf 89' lang='lat' dir='ltr'><strong>Appiano</strong></span> <span class='ocrx_word' id='word_1_102' title='bbox 656 2184 836 2264; x_wconf 86' lang='lat' dir='ltr'><strong>usurpatum</strong></span> <span class='ocrx_word' id='word_1_103' title='bbox 853 2201 918 2242; x_wconf 86' lang='lat' dir='ltr'><strong>esse</strong></span> <span class='ocrx_word' id='word_1_104' title='bbox 933 2201 1087 2264; x_wconf 80' lang='lat' dir='ltr'><strong>negamus,</strong></span> <span class='ocrx_word' id='word_1_105' title='bbox 1134 2180 1215 2244; x_wconf 91' lang='lat' dir='ltr'><strong>Nam</strong></span> <span class='ocrx_word' id='word_1_106' title='bbox 1233 2187 1263 2244; x_wconf 87' lang='lat' dir='ltr'><strong>et</strong></span> 
     </span>
     <span class='ocr_line' id='line_1_15' title="bbox 151 2287 1260 2373; baseline -0.003 -17"><span class='ocrx_word' id='word_1_107' title='bbox 151 2292 286 2356; x_wconf 89' lang='lat' dir='ltr'><strong>Frontini</strong></span> <span class='ocrx_word' id='word_1_108' title='bbox 310 2312 436 2368; x_wconf 88' lang='lat' dir='ltr'><strong>nomen,</strong></span> <span class='ocrx_word' id='word_1_109' title='bbox 462 2295 491 2352; x_wconf 92' lang='lat' dir='ltr'><strong>et</strong></span> <span class='ocrx_word' id='word_1_110' title='bbox 513 2311 582 2352; x_wconf 87' lang='lat' dir='ltr'><strong>vero</strong></span> <span class='ocrx_word' id='word_1_111' title='bbox 607 2294 830 2372; x_wconf 85' lang='lat' dir='ltr'><strong>strategemata,</strong></span> <span class='ocrx_word' id='word_1_112' title='bbox 852 2287 889 2352; x_wconf 90' lang='lat' dir='ltr'><strong>ab</strong></span> <span class='ocrx_word' id='word_1_113' title='bbox 906 2311 940 2352; x_wconf 90' lang='lat' dir='ltr'><strong>eo</strong></span> <span class='ocrx_word' id='word_1_114' title='bbox 957 2289 1123 2373; x_wconf 89' lang='lat' dir='ltr'><strong>descripta,</strong></span> <span class='ocrx_word' id='word_1_115' title='bbox 1141 2290 1260 2353; x_wconf 89' lang='lat' dir='ltr'><strong>silentio</strong></span> 
     </span>
     <span class='ocr_line' id='line_1_16' title="bbox 151 2399 1301 2486; baseline 0 -22"><span class='ocrx_word' id='word_1_116' title='bbox 151 2401 262 2485; x_wconf 87' lang='lat' dir='ltr'><strong>ubique</strong></span> <span class='ocrx_word' id='word_1_117' title='bbox 276 2400 482 2486; x_wconf 88' lang='lat' dir='ltr'><strong>praetermittit</strong></span> <span class='ocrx_word' id='word_1_118' title='bbox 493 2399 673 2483; x_wconf 89' lang='lat' dir='ltr'><strong>Appianus,</strong></span> <span class='ocrx_word' id='word_1_119' title='bbox 684 2399 800 2461; x_wconf 87' lang='lat' dir='ltr'><strong>etiamsi</strong></span> <span class='ocrx_word' id='word_1_120' title='bbox 813 2399 932 2462; x_wconf 90' lang='lat' dir='ltr'><strong>easdem</strong></span> <span class='ocrx_word' id='word_1_121' title='bbox 948 2421 995 2463; x_wconf 88' lang='lat' dir='ltr'><strong>res</strong></span> <span class='ocrx_word' id='word_1_122' title='bbox 1012 2405 1110 2484; x_wconf 85' lang='lat' dir='ltr'><strong>gestas</strong></span> <span class='ocrx_word' id='word_1_123' title='bbox 1124 2423 1158 2464; x_wconf 89' lang='lat' dir='ltr'><strong>ac</strong></span> <span class='ocrx_word' id='word_1_124' title='bbox 1169 2401 1262 2464; x_wconf 90' lang='lat' dir='ltr'><strong>Fron·</strong></span> <span class='ocrx_word' id='word_1_125' title='bbox 1298 2435 1301 2446; x_wconf 84' lang='lat'><strong>·</strong></span> 
     </span>
     <span class='ocr_line' id='line_1_17' title="bbox 150 2507 1262 2595; baseline -0.001 -21"><span class='ocrx_word' id='word_1_126' title='bbox 150 2512 232 2575; x_wconf 89' lang='lat' dir='ltr'><strong>tinus</strong></span> <span class='ocrx_word' id='word_1_127' title='bbox 256 2517 408 2573; x_wconf 89' lang='lat' dir='ltr'><strong>memoret.</strong></span> <span class='ocrx_word' id='word_1_128' title='bbox 432 2509 562 2593; x_wconf 78' lang='lat' dir='ltr'><strong>insuper</strong></span> <span class='ocrx_word' id='word_1_129' title='bbox 602 2508 767 2571; x_wconf 82' lang='lat' dir='ltr'><strong>Frontinus</strong></span> <span class='ocrx_word' id='word_1_130' title='bbox 792 2530 840 2571; x_wconf 88' lang='lat' dir='ltr'><strong>res</strong></span> <span class='ocrx_word' id='word_1_131' title='bbox 863 2508 973 2587; x_wconf 88' lang='lat' dir='ltr'><strong>tradit,</strong></span> <span class='ocrx_word' id='word_1_132' title='bbox 997 2508 1140 2595; x_wconf 89' lang='lat' dir='ltr'><strong>Appiano</strong></span> <span class='ocrx_word' id='word_1_133' title='bbox 1172 2507 1262 2594; x_wconf 86' lang='lat' dir='ltr'><strong>plane</strong></span> 
     </span>
     <span class='ocr_line' id='line_1_18' title="bbox 150 2618 1261 2704; baseline -0.003 -19"><span class='ocrx_word' id='word_1_134' title='bbox 150 2620 325 2704; x_wconf 85' lang='lat' dir='ltr'><strong>incognitas.</strong></span> <span class='ocrx_word' id='word_1_135' title='bbox 374 2619 422 2683; x_wconf 84' lang='lat' dir='ltr'><strong>Sic</strong></span> <span class='ocrx_word' id='word_1_136' title='bbox 446 2620 604 2703; x_wconf 89' lang='lat' dir='ltr'><strong>Appianus</strong></span> <span class='ocrx_word' id='word_1_137' title='bbox 628 2624 729 2695; x_wconf 88' lang='lat' dir='ltr'><strong>tacet,</strong></span> <span class='ocrx_word' id='word_1_138' title='bbox 754 2640 813 2701; x_wconf 93' lang='lat' dir='ltr'><strong>quo</strong></span> <span class='ocrx_word' id='word_1_139' title='bbox 830 2618 900 2682; x_wconf 92' lang='lat' dir='ltr'><strong>dolo</strong></span> <span class='ocrx_word' id='word_1_140' title='bbox 916 2619 1102 2702; x_wconf 85' lang='lat' dir='ltr'><strong>Lamponius</strong></span> <span class='ocrx_word' id='word_1_141' title='bbox 1126 2618 1161 2683; x_wconf 83' lang='lat' dir='ltr'><strong>L.</strong></span> <span class='ocrx_word' id='word_1_142' title='bbox 1174 2619 1261 2683; x_wconf 85' lang='lat' dir='ltr'><strong>Cras·</strong></span> 
     </span>
     <span class='ocr_line' id='line_1_19' title="bbox 151 2727 1261 2812; baseline -0.001 -19"><span class='ocrx_word' id='word_1_143' title='bbox 151 2743 219 2793; x_wconf 87' lang='lat' dir='ltr'><strong>sum</strong></span> <span class='ocrx_word' id='word_1_144' title='bbox 243 2730 274 2792; x_wconf 92' lang='lat' dir='ltr'><strong>in</strong></span> <span class='ocrx_word' id='word_1_145' title='bbox 299 2728 501 2792; x_wconf 85' lang='lat' dir='ltr'><strong>Grumentum</strong></span> <span class='ocrx_word' id='word_1_146' title='bbox 526 2727 673 2812; x_wconf 89' lang='lat' dir='ltr'><strong>oppidum</strong></span> <span class='ocrx_word' id='word_1_147' title='bbox 697 2727 875 2811; x_wconf 88' lang='lat' dir='ltr'><strong>compulerit</strong></span> <span class='ocrx_word' id='word_1_148' title='bbox 889 2729 919 2809; x_wconf 75' lang='grc'><strong>2)</strong></span> <span class='ocrx_word' id='word_1_149' title='bbox 931 2754 941 2806; x_wconf 79' lang='lat'>3</span> <span class='ocrx_word' id='word_1_150' title='bbox 967 2750 1025 2811; x_wconf 90' lang='lat' dir='ltr'><strong>qua</strong></span> <span class='ocrx_word' id='word_1_151' title='bbox 1049 2727 1151 2791; x_wconf 88' lang='lat' dir='ltr'><strong>fraude</strong></span> <span class='ocrx_word' id='word_1_152' title='bbox 1175 2728 1261 2792; x_wconf 87' lang='lat' dir='ltr'><strong>Sulla</strong></span> 
     </span>
     <span class='ocr_line' id='line_1_20' title="bbox 150 2837 1260 2923; baseline 0.001 -21"><span class='ocrx_word' id='word_1_153' title='bbox 150 2841 183 2902; x_wconf 86' lang='lat' dir='ltr'><strong>in</strong></span> <span class='ocrx_word' id='word_1_154' title='bbox 207 2839 361 2902; x_wconf 84' lang='lat' dir='ltr'><strong>Samnium</strong></span> <span class='ocrx_word' id='word_1_155' title='bbox 384 2837 497 2900; x_wconf 87' lang='lat' dir='ltr'><strong>bellum</strong></span> <span class='ocrx_word' id='word_1_156' title='bbox 520 2837 706 2899; x_wconf 88' lang='lat' dir='ltr'><strong>transtulerit</strong></span> <span class='ocrx_word' id='word_1_157' title='bbox 718 2838 769 2918; x_wconf 83' lang='grc'><strong>3);</strong></span> <span class='ocrx_word' id='word_1_158' title='bbox 788 2837 939 2920; x_wconf 89' lang='lat' dir='ltr'><strong>quomodo</strong></span> <span class='ocrx_word' id='word_1_159' title='bbox 968 2839 1116 2902; x_wconf 85' lang='lat' dir='ltr'><strong>Sertorius</strong></span> <span class='ocrx_word' id='word_1_160' title='bbox 1144 2839 1260 2923; x_wconf 85' lang='lat' dir='ltr'><strong>inspec-</strong></span> 
     </span>
     <span class='ocr_line' id='line_1_21' title="bbox 149 2944 1260 3030; baseline 0 -19"><span class='ocrx_word' id='word_1_161' title='bbox 149 2954 231 3012; x_wconf 87' lang='lat' dir='ltr'><strong>tante</strong></span> <span class='ocrx_word' id='word_1_162' title='bbox 254 2946 399 3029; x_wconf 87' lang='lat' dir='ltr'><strong>Pompcio</strong></span> <span class='ocrx_word' id='word_1_163' title='bbox 427 2946 597 3010; x_wconf 85' lang='lat' dir='ltr'><strong>Lauronem</strong></span> <span class='ocrx_word' id='word_1_164' title='bbox 621 2944 875 3009; x_wconf 77' lang='lat' dir='ltr'><strong>urbemdirucrit</strong></span> <span class='ocrx_word' id='word_1_165' title='bbox 892 2948 943 3028; x_wconf 74' lang='lat'><strong>4),</strong></span> <span class='ocrx_word' id='word_1_166' title='bbox 981 2946 1063 3030; x_wconf 91' lang='lat' dir='ltr'><strong>quod</strong></span> <span class='ocrx_word' id='word_1_167' title='bbox 1095 2970 1113 3010; x_wconf 87' lang='lat' dir='ltr'><strong>a</strong></span> <span class='ocrx_word' id='word_1_168' title='bbox 1143 2947 1260 3012; x_wconf 89' lang='lat' dir='ltr'><strong>Plutar-</strong></span> 
     </span>
     <span class='ocr_line' id='line_1_22' title="bbox 151 3053 1260 3143; baseline 0.001 -23"><span class='ocrx_word' id='word_1_169' title='bbox 151 3057 207 3120; x_wconf 91' lang='lat' dir='ltr'><strong>cho</strong></span> <span class='ocrx_word' id='word_1_170' title='bbox 223 3059 251 3139; x_wconf 88' lang='grc'><strong>5)</strong></span> <span class='ocrx_word' id='word_1_171' title='bbox 277 3077 395 3139; x_wconf 91' lang='lat' dir='ltr'><strong>quoque</strong></span> <span class='ocrx_word' id='word_1_172' title='bbox 409 3055 528 3138; x_wconf 87' lang='lat' dir='ltr'><strong>copiose</strong></span> <span class='ocrx_word' id='word_1_173' title='bbox 540 3061 678 3118; x_wconf 89' lang='lat' dir='ltr'><strong>narratur</strong></span> <span class='ocrx_word' id='word_1_174' title='bbox 686 3081 695 3133; x_wconf 81' lang='lat'>3</span> <span class='ocrx_word' id='word_1_175' title='bbox 709 3053 761 3138; x_wconf 79' lang='lat' dir='ltr'><strong>qni</strong></span> <span class='ocrx_word' id='word_1_176' title='bbox 782 3056 940 3139; x_wconf 83' lang='lat' dir='ltr'><strong>Spartacus</strong></span> <span class='ocrx_word' id='word_1_177' title='bbox 957 3061 1024 3119; x_wconf 87' lang='lat' dir='ltr'><strong>astu</strong></span> <span class='ocrx_word' id='word_1_178' title='bbox 1039 3055 1163 3119; x_wconf 85' lang='lat' dir='ltr'><strong>Varinio</strong></span> <span class='ocrx_word' id='word_1_179' title='bbox 1180 3058 1260 3143; x_wconf 88' lang='lat' dir='ltr'><strong>elap-</strong></span> 
     </span>
     <span class='ocr_line' id='line_1_23' title="bbox 85 3163 1260 3249; baseline 0.002 -20"><span class='ocrx_word' id='word_1_180' title='bbox 85 3241 87 3245; x_wconf 27' lang='lat'><strong>,</strong></span> <span class='ocrx_word' id='word_1_181' title='bbox 151 3190 202 3229; x_wconf 89' lang='lat' dir='ltr'><strong>sus</strong></span> <span class='ocrx_word' id='word_1_182' title='bbox 239 3166 279 3228; x_wconf 88' lang='lat' dir='ltr'><strong>sit</strong></span> <span class='ocrx_word' id='word_1_183' title='bbox 293 3168 331 3245; x_wconf 82' lang='lat'><strong>6).</strong></span> <span class='ocrx_word' id='word_1_184' title='bbox 368 3164 417 3227; x_wconf 92' lang='lat' dir='ltr'><strong>Ne</strong></span> <span class='ocrx_word' id='word_1_185' title='bbox 439 3164 520 3248; x_wconf 88' lang='lat' dir='ltr'><strong>ipsas</strong></span> <span class='ocrx_word' id='word_1_186' title='bbox 545 3163 667 3248; x_wconf 71' lang='lat' dir='ltr'><strong>(paridem</strong></span> <span class='ocrx_word' id='word_1_187' title='bbox 691 3186 828 3249; x_wconf 83' lang='lat' dir='ltr'><strong>pugnas,</strong></span> <span class='ocrx_word' id='word_1_188' title='bbox 852 3188 869 3228; x_wconf 90' lang='lat' dir='ltr'><strong>a</strong></span> <span class='ocrx_word' id='word_1_189' title='bbox 892 3165 1035 3229; x_wconf 88' lang='lat' dir='ltr'><strong>Frontino</strong></span> <span class='ocrx_word' id='word_1_190' title='bbox 1059 3165 1152 3229; x_wconf 87' lang='lat' dir='ltr'><strong>literis</strong></span> <span class='ocrx_word' id='word_1_191' title='bbox 1176 3190 1260 3231; x_wconf 90' lang='lat' dir='ltr'><strong>man-</strong></span> 
     </span>
     <span class='ocr_line' id='line_1_24' title="bbox 151 3273 1258 3358; baseline 0.002 -20"><span class='ocrx_word' id='word_1_192' title='bbox 151 3276 254 3352; x_wconf 86' lang='lat' dir='ltr'><strong>datas,</strong></span> <span class='ocrx_word' id='word_1_193' title='bbox 277 3274 367 3337; x_wconf 87' lang='lat' dir='ltr'><strong>refert</strong></span> <span class='ocrx_word' id='word_1_194' title='bbox 389 3273 570 3358; x_wconf 79' lang='lat' dir='ltr'><strong>Appianas,</strong></span> <span class='ocrx_word' id='word_1_195' title='bbox 595 3298 622 3338; x_wconf 92' lang='lat' dir='ltr'><strong>v.</strong></span> <span class='ocrx_word' id='word_1_196' title='bbox 636 3297 660 3337; x_wconf 91' lang='lat' dir='ltr'><strong>c.</strong></span> <span class='ocrx_word' id='word_1_197' title='bbox 685 3273 800 3337; x_wconf 82' lang='lat' dir='ltr'><strong>Metelli</strong></span> <span class='ocrx_word' id='word_1_198' title='bbox 823 3274 977 3338; x_wconf 88' lang='lat' dir='ltr'><strong>victoriam</strong></span> <span class='ocrx_word' id='word_1_199' title='bbox 993 3273 1072 3338; x_wconf 88' lang='lat' dir='ltr'><strong>bello</strong></span> <span class='ocrx_word' id='word_1_200' title='bbox 1090 3276 1258 3341; x_wconf 85' lang='lat' dir='ltr'><strong>Sertoriano</strong></span> 
     </span>
     <span class='ocr_line' id='line_1_25' title="bbox 151 3380 1258 3470; baseline 0.004 -24"><span class='ocrx_word' id='word_1_201' title='bbox 151 3384 231 3468; x_wconf 86' lang='lat' dir='ltr'><strong>apud</strong></span> <span class='ocrx_word' id='word_1_202' title='bbox 266 3382 417 3445; x_wconf 88' lang='lat' dir='ltr'><strong>Baeticam</strong></span> <span class='ocrx_word' id='word_1_203' title='bbox 453 3380 489 3445; x_wconf 87' lang='lat' dir='ltr'><strong>ab</strong></span> <span class='ocrx_word' id='word_1_204' title='bbox 525 3383 674 3447; x_wconf 85' lang='lat' dir='ltr'><strong>Hirtuleio</strong></span> <span class='ocrx_word' id='word_1_205' title='bbox 721 3388 902 3470; x_wconf 88' lang='lat' dir='ltr'><strong>reportatam</strong></span> <span class='ocrx_word' id='word_1_206' title='bbox 935 3406 969 3446; x_wconf 89' lang='lat' dir='ltr'><strong>ac</strong></span> <span class='ocrx_word' id='word_1_207' title='bbox 1005 3384 1169 3470; x_wconf 89' lang='lat' dir='ltr'><strong>proelium,</strong></span> <span class='ocrx_word' id='word_1_208' title='bbox 1205 3386 1258 3450; x_wconf 91' lang='lat' dir='ltr'><strong>ubi</strong></span> 
     </span>
     <span class='ocr_line' id='line_1_26' title="bbox 151 3492 1258 3579; baseline 0 -22"><span class='ocrx_word' id='word_1_209' title='bbox 151 3492 319 3557; x_wconf 88' lang='lat' dir='ltr'><strong>Hirtuleius</strong></span> <span class='ocrx_word' id='word_1_210' title='bbox 351 3514 453 3556; x_wconf 88' lang='lat' dir='ltr'><strong>caesus</strong></span> <span class='ocrx_word' id='word_1_211' title='bbox 490 3499 536 3556; x_wconf 92' lang='lat' dir='ltr'><strong>est</strong></span> <span class='ocrx_word' id='word_1_212' title='bbox 551 3495 592 3575; x_wconf 58' lang='grc'><strong>7),</strong></span> <span class='ocrx_word' id='word_1_213' title='bbox 638 3494 719 3557; x_wconf 89' lang='lat' dir='ltr'><strong>Hinc</strong></span> <span class='ocrx_word' id='word_1_214' title='bbox 744 3493 833 3557; x_wconf 87' lang='lat' dir='ltr'><strong>simul</strong></span> <span class='ocrx_word' id='word_1_215' title='bbox 857 3492 1067 3559; x_wconf 88' lang='lat' dir='ltr'><strong>corroboratur</strong></span> <span class='ocrx_word' id='word_1_216' title='bbox 1103 3517 1258 3579; x_wconf 84' lang='lat' dir='ltr'><strong>argumen-</strong></span> 
     </span>
     <span class='ocr_line' id='line_1_27' title="bbox 151 3603 1257 3690; baseline -0.001 -24"><span class='ocrx_word' id='word_1_217' title='bbox 151 3603 222 3666; x_wconf 87' lang='lat' dir='ltr'><strong>tatio</strong></span> <span class='ocrx_word' id='word_1_218' title='bbox 254 3609 377 3680; x_wconf 88' lang='lat' dir='ltr'><strong>nostra,</strong></span> <span class='ocrx_word' id='word_1_219' title='bbox 410 3624 467 3686; x_wconf 89' lang='lat' dir='ltr'><strong>qua</strong></span> <span class='ocrx_word' id='word_1_220' title='bbox 500 3603 656 3665; x_wconf 89' lang='lat' dir='ltr'><strong>ostendere</strong></span> <span class='ocrx_word' id='word_1_221' title='bbox 692 3603 790 3666; x_wconf 87' lang='lat' dir='ltr'><strong>conati</strong></span> <span class='ocrx_word' id='word_1_222' title='bbox 822 3625 945 3681; x_wconf 82' lang='lat' dir='ltr'><strong>sumna,</strong></span> <span class='ocrx_word' id='word_1_223' title='bbox 973 3605 1149 3690; x_wconf 85' lang='lat' dir='ltr'><strong>Appianum</strong></span> <span class='ocrx_word' id='word_1_224' title='bbox 1171 3603 1257 3667; x_wconf 83' lang='lat' dir='ltr'><strong>Livio</strong></span> 
     </span>
     <span class='ocr_line' id='line_1_28' title="bbox 151 3712 1258 3799; baseline 0.004 -24"><span class='ocrx_word' id='word_1_225' title='bbox 151 3734 214 3775; x_wconf 91' lang='lat' dir='ltr'><strong>non</strong></span> <span class='ocrx_word' id='word_1_226' title='bbox 238 3712 355 3776; x_wconf 87' lang='lat' dir='ltr'><strong>assidue</strong></span> <span class='ocrx_word' id='word_1_227' title='bbox 378 3735 468 3775; x_wconf 89' lang='lat' dir='ltr'><strong>usum</strong></span> <span class='ocrx_word' id='word_1_228' title='bbox 484 3735 549 3775; x_wconf 86' lang='lat' dir='ltr'><strong>csse</strong></span> <span class='ocrx_word' id='word_1_229' title='bbox 564 3716 603 3794; x_wconf 82' lang='lat'><strong>8).</strong></span> <span class='ocrx_word' id='word_1_230' title='bbox 628 3712 735 3776; x_wconf 83' lang='lat' dir='ltr'><strong>Exstat</strong></span> <span class='ocrx_word' id='word_1_231' title='bbox 761 3714 841 3776; x_wconf 89' lang='lat' dir='ltr'><strong>enim</strong></span> <span class='ocrx_word' id='word_1_232' title='bbox 872 3713 1072 3799; x_wconf 82' lang='lat' dir='ltr'><strong>fragmentum</strong></span> <span class='ocrx_word' id='word_1_233' title='bbox 1107 3712 1258 3798; x_wconf 91' lang='lat' dir='ltr'><strong>quoddam</strong></span> 
     </span>
    </p>
   </div>
   <div class='ocr_carea' id='block_1_3' title="bbox 185 3967 1254 4286">
    <p class='ocr_par' dir='ltr' id='par_1_3' title="bbox 185 3967 1254 4204">
     <span class='ocr_line' id='line_1_29' title="bbox 189 3967 1254 4037; baseline 0.003 -18"><span class='ocrx_word' id='word_1_234' title='bbox 189 3974 215 4034; x_wconf 88' lang='lat'><strong>1)</strong></span> <span class='ocrx_word' id='word_1_235' title='bbox 248 3969 331 4018; x_wconf 78' lang='lat' dir='ltr'><strong>narr</strong></span> <span class='ocrx_word' id='word_1_236' title='bbox 351 3967 495 4033; x_wconf 62' lang='lat' dir='ltr'><strong>lupata.</strong></span> <span class='ocrx_word' id='word_1_237' title='bbox 556 3971 583 4032; x_wconf 75' lang='lat'><strong>2)</strong></span> <span class='ocrx_word' id='word_1_238' title='bbox 606 3967 716 4019; x_wconf 86' lang='lat' dir='ltr'><strong>&#39;Front.</strong></span> <span class='ocrx_word' id='word_1_239' title='bbox 729 3971 766 4029; x_wconf 87' lang='lat'><strong>11,</strong></span> <span class='ocrx_word' id='word_1_240' title='bbox 779 3975 802 4029; x_wconf 79' lang='lat'><strong>4,</strong></span> <span class='ocrx_word' id='word_1_241' title='bbox 819 3971 1254 4037; x_wconf 77' lang='lat' dir='ltr'><strong>roetlv,7,4r.-cf.npp.41.</strong></span> 
     </span>
     <span class='ocr_line' id='line_1_30' title="bbox 186 4053 940 4119; baseline 0.001 -16"><span class='ocrx_word' id='word_1_242' title='bbox 186 4056 214 4118; x_wconf 86' lang='lat'><strong>3)</strong></span> <span class='ocrx_word' id='word_1_243' title='bbox 248 4054 352 4101; x_wconf 88' lang='lat' dir='ltr'><strong>Front.</strong></span> <span class='ocrx_word' id='word_1_244' title='bbox 376 4053 403 4111; x_wconf 92' lang='lat' dir='ltr'><strong>I,</strong></span> <span class='ocrx_word' id='word_1_245' title='bbox 429 4056 451 4102; x_wconf 86' lang='lat'><strong>5.</strong></span> <span class='ocrx_word' id='word_1_246' title='bbox 473 4080 504 4090; x_wconf 89' lang='lat'>—</span> <span class='ocrx_word' id='word_1_247' title='bbox 530 4054 565 4102; x_wconf 86' lang='lat' dir='ltr'><strong>cf.</strong></span> <span class='ocrx_word' id='word_1_248' title='bbox 589 4055 661 4119; x_wconf 87' lang='lat' dir='ltr'><strong>App.</strong></span> <span class='ocrx_word' id='word_1_249' title='bbox 687 4058 727 4104; x_wconf 81' lang='lat'><strong>51.</strong></span> <span class='ocrx_word' id='word_1_250' title='bbox 938 4078 940 4083; x_wconf 57' lang='lat'><strong><em>¹</em></strong></span> 
     </span>
     <span class='ocr_line' id='line_1_31' title="bbox 185 4137 810 4204; baseline 0.006 -18"><span class='ocrx_word' id='word_1_251' title='bbox 185 4140 213 4201; x_wconf 80' lang='lat'><strong>4)</strong></span> <span class='ocrx_word' id='word_1_252' title='bbox 248 4139 352 4187; x_wconf 89' lang='lat' dir='ltr'><strong>Front.</strong></span> <span class='ocrx_word' id='word_1_253' title='bbox 376 4137 418 4196; x_wconf 85' lang='lat'><strong>11,</strong></span> <span class='ocrx_word' id='word_1_254' title='bbox 441 4139 468 4196; x_wconf 90' lang='lat'><strong>5,</strong></span> <span class='ocrx_word' id='word_1_255' title='bbox 491 4139 530 4186; x_wconf 81' lang='lat'><strong>31.</strong></span> <span class='ocrx_word' id='word_1_256' title='bbox 555 4167 586 4181; x_wconf 91' lang='lat'>-</span> <span class='ocrx_word' id='word_1_257' title='bbox 609 4140 646 4189; x_wconf 80' lang='lat' dir='ltr'><strong>Cf.</strong></span> <span class='ocrx_word' id='word_1_258' title='bbox 665 4140 737 4204; x_wconf 88' lang='lat' dir='ltr'><strong>App.</strong></span> <span class='ocrx_word' id='word_1_259' title='bbox 756 4142 810 4190; x_wconf 84' lang='lat'>109.</span> 
     </span>
    </p>

    <p class='ocr_par' dir='ltr' id='par_1_4' title="bbox 247 4219 1225 4286">
     <span class='ocr_line' id='line_1_32' title="bbox 247 4219 1225 4286; baseline 0.006 -17"><span class='ocrx_word' id='word_1_260' title='bbox 247 4222 326 4270; x_wconf 91' lang='lat' dir='ltr'><strong>Plut.</strong></span> <span class='ocrx_word' id='word_1_261' title='bbox 347 4219 408 4270; x_wconf 73' lang='lat' dir='ltr'><strong>Soc</strong></span> <span class='ocrx_word' id='word_1_262' title='bbox 424 4223 467 4279; x_wconf 72' lang='lat'><strong>183</strong></span> <span class='ocrx_word' id='word_1_263' title='bbox 500 4221 583 4286; x_wconf 83' lang='lat' dir='ltr'><strong>Pomp.</strong></span> <span class='ocrx_word' id='word_1_264' title='bbox 606 4225 642 4271; x_wconf 86' lang='lat'><strong>18.</strong></span> <span class='ocrx_word' id='word_1_265' title='bbox 664 4249 697 4259; x_wconf 94' lang='lat'><strong>·-</strong></span> <span class='ocrx_word' id='word_1_266' title='bbox 716 4223 759 4272; x_wconf 80' lang='lat' dir='ltr'><strong>Off.</strong></span> <span class='ocrx_word' id='word_1_267' title='bbox 777 4225 857 4273; x_wconf 85' lang='lat' dir='ltr'><strong>Flor.</strong></span> <span class='ocrx_word' id='word_1_268' title='bbox 878 4225 934 4282; x_wconf 88' lang='lat'><strong>111,</strong></span> <span class='ocrx_word' id='word_1_269' title='bbox 956 4225 1005 4281; x_wconf 75' lang='lat'><strong>213·</strong></span> <span class='ocrx_word' id='word_1_270' title='bbox 1029 4223 1166 4283; x_wconf 64' lang='lat' dir='ltr'><strong>orosi,</strong></span> <span class='ocrx_word' id='word_1_271' title='bbox 1185 4227 1225 4275; x_wconf 76' lang='grc'><strong>23.</strong></span> 
     </span>
    </p>
   </div>
   <div class='ocr_carea' id='block_1_4' title="bbox 0 0 1400 5152">
    <p class='ocr_par' dir='ltr' id='par_1_5' title="bbox 0 0 1400 5152">
     <span class='ocr_line' id='line_1_33' title="bbox 0 0 1400 5152; baseline 0 0"><span class='ocrx_word' id='word_1_272' title='bbox 0 0 1400 5152; x_wconf 95' lang='lat' dir='ltr'><strong> </strong></span> 
     </span>
    </p>
   </div>
  </div>
 </body>
</html>
