2790 5152
676 243 738 306 128

152 448 232 505 sunt.
279 441 423 526 Appiano
458 462 527 504 vero
562 440 654 525 paulo
686 441 828 504 maiorem
863 442 894 503 in
926 439 1110 505 orationibus
1146 439 1184 505 ab
1221 463 1255 504 eo

151 552 251 616 relatis
274 551 364 614 fidem
386 550 552 614 tribuamus
576 572 695 614 neccsse
719 556 764 613 est
779 550 822 636 l).

244 661 384 747 Suspicor
407 661 486 725 enim
496 710 505 739 ,
530 660 665 746 scriptori
696 658 866 744 exemplum
890 660 1040 744 quoddam
1064 661 1095 724 in
1119 657 1257 723 manibus

151 772 242 835 fuisse
277 792 379 833 earum
414 769 602 846 orationum,
626 768 735 852 quibus
760 768 919 832 Octavium
941 792 988 833 res
1011 793 1029 833 a
1053 791 1084 833 sc
1107 778 1205 854 gestas
1229 775 1260 834 et

151 879 330 966 reipublicae
365 878 653 942 administrationem
685 900 783 941 coram
820 886 925 942 senatu
959 878 1131 965 populoque
1155 879 1259 942 ordine

150 988 336 1052 recensuisse
363 993 393 1050 et
415 988 587 1073 exposuisse
619 993 719 1052 narrat
742 1009 928 1072 quarumque
951 1010 1022 1054 eum
1045 988 1139 1052 multa
1163 1009 1261 1052 exem·

151 1097 244 1184 plaria
255 1097 288 1160 in
303 1096 412 1180 vulgus
429 1095 554 1160 edidisse
570 1097 661 1160 refert
676 1100 716 1178 2).
747 1097 907 1162 Accedunt
929 1097 1031 1184 plures
1054 1098 1185 1184 Appiani
1201 1097 1261 1161 loci

151 1211 313 1284 testantes,
338 1227 407 1268 eum
431 1205 579 1268 orationes
603 1228 665 1269 uon
690 1228 807 1291 semper
827 1229 864 1270 ex
880 1207 999 1292 iugenio
1016 1207 1185 1285 effinxisse,
1208 1206 1261 1270 sed

152 1315 322 1401 saepissime
337 1335 406 1378 vera
429 1313 528 1377 dicere
551 1314 721 1379 studentem
743 1316 897 1379 materiam
921 1338 937 1380 e
960 1315 1092 1380 fontibus
1117 1315 1258 1400 genuinis

153 1423 334 1511 repetivisse.
358 1423 407 1487 Ita
419 1423 555 1508 explicat,
573 1423 625 1508 qui
640 1424 752 1488 factum
773 1426 831 1504 sit,
845 1433 880 1489 ut
892 1423 1048 1490 Antonius
1076 1427 1109 1489 in
1126 1426 1261 1490 oratione
1322 1448 1325 1456 ¹

154 1532 282 1619 quadam
305 1532 394 1596 modo
419 1533 457 1597 de
480 1533 587 1617 viginti
611 1540 678 1598 octo
702 1534 871 1619 legionibus
890 1535 1048 1620 loquatur,
1074 1559 1168 1620 quum
1191 1558 1263 1621 qua-

153 1643 290 1728 draginta
312 1648 373 1707 tres
396 1642 507 1707 fuerint
520 1644 579 1726 3),
603 1643 685 1708 unde
709 1644 823 1729 liquet,
847 1646 881 1709 ni
903 1644 1007 1724 fallor,
1031 1646 1130 1731 ipsum
1154 1645 1262 1709 oratio-

152 1776 222 1819 nem
244 1753 328 1818 illam
350 1752 468 1818 vidisse.
515 1753 634 1819 Diserte
657 1777 745 1839 porro
770 1754 954 1820 orationibus
979 1756 1098 1820 Octavii
1121 1762 1152 1820 ct
1174 1755 1264 1819 Lucii

153 1862 281 1928 Antonii
310 1862 479 1927 memoratis
515 1861 607 1941 dicit,
639 1861 731 1927 talem
758 1863 849 1929 fuisse
888 1865 1046 1948 utriusque
1079 1865 1265 1942 orationem,

155 1980 303 2056 quatenus
327 1995 343 2035 e
367 1972 587 2037 commentariis
618 1973 796 2036 seutentiam
827 1973 975 2037 dictorum
998 1996 1157 2058 agnoscere
1180 1980 1211 2037 et
1232 1973 1266 2036 in

156 2080 204 2145 sui
227 2080 372 2144 sermonis
395 2080 456 2144 vim
479 2081 638 2145 transferre
661 2080 764 2144 liceret
776 2082 817 2164 d).
864 2082 945 2145 Hinc
968 2103 1038 2145 vero
1063 2083 1154 2145 simul
1177 2082 1266 2146 disci·

156 2178 241 2286 mul,
278 2211 348 2254 eum
383 2194 533 2252 oratorum
568 2211 650 2252 more
675 2189 820 2273 quaedam
844 2190 1058 2274 amplificasse,
1082 2190 1164 2274 quod
1186 2189 1268 2255 Dru·

157 2321 267 2363 manno
290 2304 365 2362 teste
379 2297 413 2382 5)
438 2296 491 2361 illo
507 2297 598 2362 etiam
612 2297 699 2376 loco,
723 2320 812 2382 quem
834 2298 925 2363 modo
942 2299 1051 2378 citavi,
1074 2300 1187 2364 factum
1210 2305 1266 2365 est.

158 2409 217 2474 Sed
252 2407 415 2492 Appianas
450 2428 511 2471 non
545 2407 662 2472 videtur
692 2407 813 2492 ingenio
849 2431 904 2472 suo
944 2409 1094 2473 invenisse
1130 2395 1263 2474 Caesaris

158 2518 361 2584 laudationem
394 2516 549 2582 funebrem
579 2517 616 2582 ab
647 2518 783 2582 Antonio
811 2524 962 2604 peractam
982 2521 1039 2606 6),
1066 2541 1165 2604 neque
1187 2519 1265 2583 Hor·

159 2628 270 2693 tensiae
281 2627 443 2690 orationem
457 2627 497 2714 ad
512 2627 684 2691 triumviros
700 2629 753 2711 7),
766 2649 864 2713 neque
879 2628 977 2708 verba,
995 2628 1103 2713 quibus
1120 2629 1265 2693 Octavius

160 2736 270 2801 milites
305 2735 392 2799 variis
428 2734 612 2821 temporibus
649 2736 799 2802 allocutus
834 2744 880 2802 est
893 2740 924 2823 8)
933 2742 946 2817 ',
981 2760 1080 2823 neque
1117 2760 1268 2802 sermones

161 2846 239 2910 inter
263 2845 422 2908 Octavium
457 2850 486 2908 et
518 2844 675 2909 Cocceium
698 2845 882 2924 habitasti),
907 2869 1006 2931 neque
1029 2847 1101 2911 alias
1126 2845 1269 2931 quasdam

163 2954 311 3017 orationes
322 3003 331 3032 ,
355 2952 556 3037 quaslaudat
577 2953 714 3038 Eggerus
730 2955 792 3037 10).
828 2955 887 3019 Sed
911 2977 979 3019 vera
1003 2955 1081 3020 fictis
1097 2957 1189 3021 mixta
1206 2978 1270 3020 esse

223 3189 247 3253 1)
282 3189 326 3237 Off.
351 3187 521 3251 Schweigh.
544 3186 632 3237 Exere.
655 3204 679 3254 p.
705 3186 750 3239 78:
792 3189 936 3248 „Orationes
953 3205 1007 3249 eae,
1026 3191 1112 3255 quibus
1129 3191 1270 3248 hincinde,

167 3288 215 3320 non
232 3272 302 3321 nimis
319 3262 400 3344 lamed
415 3273 566 3337 frequenter,
590 3273 724 3323 Historiam
746 3274 849 3340 Appiani
867 3279 975 3324 ornatam
992 3275 1205 3341 deprehendimus,
1223 3290 1271 3322 nou

166 3359 216 3404 tam
233 3357 402 3420 exscriptoris
419 3357 514 3420 ingenio
532 3358 613 3416 fictae,
632 3373 703 3423 quam
721 3375 750 3407 ex
767 3374 850 3408 earum
867 3375 949 3408 rerum
965 3362 1161 3425 temporumque,
1180 3358 1208 3405 de
1219 3357 1270 3420 qui-

166 3441 211 3490 bus
229 3440 321 3504 agitur,
347 3441 505 3490 monumentis
532 3441 617 3489 ductae
642 3442 721 3500 sunt,”
749 3445 773 3491 et
796 3443 900 3507 Egger
924 3460 949 3509 p.
969 3445 1034 3493 259:
1070 3443 1166 3506 „Quart
1189 3441 1273 3490 aleur

170 3524 291 3574 caractere
307 3523 455 3590 historique,
473 3541 533 3574 nous
551 3541 683 3575 avouerons
701 3526 740 3592 qu’
754 3527 847 3592 Appien
864 3531 915 3587 eat,
933 3523 990 3596 ared
1007 3527 1143 3584 uite-nive,
1161 3525 1224 3574 celui
1233 3526 1273 3572 des

170 3608 297 3657 annalistae
314 3608 343 3657 de
360 3607 500 3674 l'antiquite'
518 3609 558 3673 qui
575 3609 666 3659 semble
683 3612 750 3660 avoir
767 3611 830 3660 snivi
847 3611 876 3660 de
892 3612 947 3676 plus
963 3609 1031 3676 pres,
1050 3610 1107 3660 dans
1125 3626 1162 3658 scs
1188 3609 1273 3657 heran-

169 3707 240 3755 gues,
267 3691 302 3741 les
324 3696 399 3742 textes
428 3693 618 3756 authentiques.’'
646 3720 680 3732 -
704 3694 760 3752 „On
781 3710 811 3743 ne
834 3699 892 3760 peut
913 3693 1087 3753 meconnaitre,
1105 3710 1161 3742 sous
1178 3693 1201 3741 le
1218 3709 1274 3756 grec

170 3776 314 3840 d'=Appien,
332 3777 446 3841 quelques
463 3777 532 3826 traits
549 3779 609 3826 naifs
627 3778 656 3826 de
673 3778 689 3827 l’
699 3775 827 3842 eloquence
844 3780 957 3828 romaine.
975 3806 1009 3818 —
1026 3779 1135 3844 Quorum
1146 3777 1274 3827 verborum

172 3859 286 3908 immeror
303 3860 354 3924 ipse
371 3861 474 3925 scriptor
491 3876 514 3925 p.
537 3862 566 3909 14
584 3861 632 3910 ait:
660 3862 721 3920 „Les
739 3863 847 3912 discours
864 3863 899 3927 (d’
912 3863 1015 3928 Octava)
1033 3861 1102 3928 ‹ipars
1115 3863 1171 3911 dens
1183 3861 1274 3926 Appieu

173 3942 239 3993 ss’out
256 3959 347 3993 aucune
364 3942 542 3994 authenticite.''

223 4043 251 4106 2)
285 4041 319 4090 B.
340 4041 365 4092 C.
384 4042 424 4101 V,
445 4045 498 4094 130.
569 4045 597 4109 3)
631 4042 668 4094 B,
691 4043 719 4096 C.
737 4044 774 4105 V,
794 4051 816 4096 6.
887 4049 916 4110 4)
950 4045 985 4097 Β.
1006 4046 1150 4107 0.v‚45.

225 4127 252 4189 5)
286 4127 385 4175 Drum.
404 4128 431 4185 1,
450 4144 473 4193 p.
492 4129 550 4178 410.
620 4131 647 4192 θ)
682 4127 717 4177 Β.
740 4129 1277 4197 aluisa-ctutum.1,p.102,

225 4207 252 4272 7)
286 4207 320 4258 Β.
340 4209 366 4259 0.
384 4211 436 4270 IV,
455 4213 501 4271 32,
519 4217 559 4260 33.
578 4239 611 4249 -
629 4214 666 4261 Gt.
683 4213 807 4276 Meijer,
830 4214 900 4267 Orat.
916 4215 1089 4282 Ronafrapm.
1106 4232 1130 4281 p.
1153 4215 1209 4266 172.

225 4294 252 4356 8)
290 4291 326 4343 Β.
348 4293 829 4356 0.111,48‚65,8a‚87;v,47.
899 4300 931 4363 9)
962 4299 998 4350 B.
1018 4297 1103 4358 GV,
1123 4303 1208 4352 ‹tl-63.

211 4380 252 4444 10)
287 4379 504 4443 Eggcrp.260.
