<?xml version="1.0" encoding="UTF-8"?>
<!DOCTYPE html PUBLIC "-//W3C//DTD XHTML 1.0 Transitional//EN"
    "http://www.w3.org/TR/xhtml1/DTD/xhtml1-transitional.dtd">
<html xmlns="http://www.w3.org/1999/xhtml" xml:lang="en" lang="en">
 <head>
  <title>
</title>
<meta http-equiv="Content-Type" content="text/html;charset=utf-8" />
  <meta name='ocr-system' content='tesseract 3.04.00' />
  <meta name='ocr-capabilities' content='ocr_page ocr_carea ocr_par ocr_line ocrx_word'/>
</head>
<body>
  <div class='ocr_page' id='page_1' title='image "./defideetauctori00wijngoog_0091.png"; bbox 0 0 2790 5152; ppageno 0'>
   <div class='ocr_carea' id='block_1_1' title="bbox 691 227 731 288">
    <p class='ocr_par' dir='ltr' id='par_1_1' title="bbox 691 227 731 288">
     <span class='ocr_line' id='line_1_1' title="bbox 691 227 731 288; baseline -0.025 0"><span class='ocrx_word' id='word_1_1' title='bbox 691 227 731 288; x_wconf 74' lang='lat' dir='ltr'><strong>&#39;ld</strong></span> 
     </span>
    </p>
   </div>
   <div class='ocr_carea' id='block_1_2' title="bbox 72 422 1341 3582">
    <p class='ocr_par' dir='ltr' id='par_1_2' title="bbox 72 422 1268 950">
     <span class='ocr_line' id='line_1_2' title="bbox 72 422 1268 514; baseline -0.002 -23"><span class='ocrx_word' id='word_1_2' title='bbox 72 506 76 514; x_wconf 75' lang='lat'><strong>,</strong></span> <span class='ocrx_word' id='word_1_3' title='bbox 155 449 255 506; x_wconf 92' lang='lat' dir='ltr'><strong>mam,</strong></span> <span class='ocrx_word' id='word_1_4' title='bbox 278 434 325 492; x_wconf 92' lang='lat' dir='ltr'><strong>tot</strong></span> <span class='ocrx_word' id='word_1_5' title='bbox 347 434 424 491; x_wconf 88' lang='lat' dir='ltr'><strong>terra</strong></span> <span class='ocrx_word' id='word_1_6' title='bbox 448 427 581 510; x_wconf 85' lang='lat' dir='ltr'><strong>marique</strong></span> <span class='ocrx_word' id='word_1_7' title='bbox 605 424 740 510; x_wconf 87' lang='lat' dir='ltr'><strong>gentium</strong></span> <span class='ocrx_word' id='word_1_8' title='bbox 769 423 942 501; x_wconf 90' lang='lat' dir='ltr'><strong>dominam,</strong></span> <span class='ocrx_word' id='word_1_9' title='bbox 966 422 1051 487; x_wconf 89' lang='lat' dir='ltr'><strong>Deus</strong></span> <span class='ocrx_word' id='word_1_10' title='bbox 1076 424 1268 510; x_wconf 87' lang='lat' dir='ltr'><strong>proscriptio-</strong></span> 
     </span>
     <span class='ocr_line' id='line_1_3' title="bbox 154 532 1268 619; baseline -0.004 -18"><span class='ocrx_word' id='word_1_11' title='bbox 154 537 244 602; x_wconf 86' lang='lat' dir='ltr'>nibus</span> <span class='ocrx_word' id='word_1_12' title='bbox 269 537 394 601; x_wconf 89' lang='lat' dir='ltr'><strong>sccundi</strong></span> <span class='ocrx_word' id='word_1_13' title='bbox 417 536 623 599; x_wconf 80' lang='lat' dir='ltr'><strong>triumviratus</strong></span> <span class='ocrx_word' id='word_1_14' title='bbox 647 534 769 611; x_wconf 77' lang='lat' dir='ltr'><strong>afflixit,</strong></span> <span class='ocrx_word' id='word_1_15' title='bbox 793 555 846 619; x_wconf 89' lang='lat' dir='ltr'><strong>per</strong></span> <span class='ocrx_word' id='word_1_16' title='bbox 870 532 1002 598; x_wconf 87' lang='lat' dir='ltr'><strong>diutinas</strong></span> <span class='ocrx_word' id='word_1_17' title='bbox 1018 532 1158 619; x_wconf 82' lang='lat' dir='ltr'>ambages</span> <span class='ocrx_word' id='word_1_18' title='bbox 1175 534 1268 599; x_wconf 91' lang='lat' dir='ltr'><strong>addu-</strong></span> 
     </span>
     <span class='ocr_line' id='line_1_4' title="bbox 153 642 1268 730; baseline -0.003 -19"><span class='ocrx_word' id='word_1_19' title='bbox 153 669 222 711; x_wconf 85' lang='lat' dir='ltr'><strong>cens</strong></span> <span class='ocrx_word' id='word_1_20' title='bbox 247 670 312 711; x_wconf 90' lang='lat' dir='ltr'><strong>eam</strong></span> <span class='ocrx_word' id='word_1_21' title='bbox 335 648 373 711; x_wconf 89' lang='lat' dir='ltr'><strong>ad</strong></span> <span class='ocrx_word' id='word_1_22' title='bbox 397 648 557 711; x_wconf 85' lang='lat' dir='ltr'><strong>fliciorem</strong></span> <span class='ocrx_word' id='word_1_23' title='bbox 581 646 678 722; x_wconf 89' lang='lat' dir='ltr'><strong>hanc,</strong></span> <span class='ocrx_word' id='word_1_24' title='bbox 704 667 779 729; x_wconf 90' lang='lat' dir='ltr'><strong>quae</strong></span> <span class='ocrx_word' id='word_1_25' title='bbox 804 650 908 730; x_wconf 86' lang='lat' dir='ltr'><strong>postea</strong></span> <span class='ocrx_word' id='word_1_26' title='bbox 932 642 1086 709; x_wconf 81' lang='lat' dir='ltr'>obtinebat</span> <span class='ocrx_word' id='word_1_27' title='bbox 1100 695 1109 723; x_wconf 95' lang='lat'><strong>,</strong></span> <span class='ocrx_word' id='word_1_28' title='bbox 1122 644 1268 708; x_wconf 89' lang='lat' dir='ltr'><strong>constitu·</strong></span> 
     </span>
     <span class='ocr_line' id='line_1_5' title="bbox 153 753 1268 841; baseline -0.001 -21"><span class='ocrx_word' id='word_1_29' title='bbox 153 757 266 820; x_wconf 89' lang='lat' dir='ltr'><strong>tionem</strong></span> <span class='ocrx_word' id='word_1_30' title='bbox 289 757 583 841; x_wconf 86' lang='lat' dir='ltr'><strong>moderationemque</strong></span> <span class='ocrx_word' id='word_1_31' title='bbox 595 758 634 840; x_wconf 89' lang='grc'><strong>1).</strong></span> <span class='ocrx_word' id='word_1_32' title='bbox 681 754 839 817; x_wconf 83' lang='lat' dir='ltr'><strong>Exercitus</strong></span> <span class='ocrx_word' id='word_1_33' title='bbox 864 753 986 817; x_wconf 88' lang='lat' dir='ltr'><strong>tandem</strong></span> <span class='ocrx_word' id='word_1_34' title='bbox 1010 754 1189 818; x_wconf 81' lang='lat' dir='ltr'><strong>seditionem</strong></span> <span class='ocrx_word' id='word_1_35' title='bbox 1209 755 1268 819; x_wconf 88' lang='lat' dir='ltr'><strong>ior-</strong></span> 
     </span>
     <span class='ocr_line' id='line_1_6' title="bbox 154 861 1221 950; baseline 0 -21"><span class='ocrx_word' id='word_1_36' title='bbox 154 873 245 930; x_wconf 87' lang='lat' dir='ltr'><strong>tunae</strong></span> <span class='ocrx_word' id='word_1_37' title='bbox 273 887 407 928; x_wconf 88' lang='lat' dir='ltr'><strong>summae</strong></span> <span class='ocrx_word' id='word_1_38' title='bbox 431 865 549 929; x_wconf 89' lang='lat' dir='ltr'><strong>Octavii</strong></span> <span class='ocrx_word' id='word_1_39' title='bbox 564 864 698 929; x_wconf 80' lang='lat' dir='ltr'><strong>felicitati</strong></span> <span class='ocrx_word' id='word_1_40' title='bbox 720 862 866 926; x_wconf 86' lang='lat' dir='ltr'><strong>invidenti</strong></span> <span class='ocrx_word' id='word_1_41' title='bbox 889 861 995 926; x_wconf 84' lang='lat' dir='ltr'><strong>tribuit</strong></span> <span class='ocrx_word' id='word_1_42' title='bbox 1009 864 1168 950; x_wconf 86' lang='lat' dir='ltr'><strong>Appianus</strong></span> <span class='ocrx_word' id='word_1_43' title='bbox 1178 866 1221 949; x_wconf 88' lang='grc'><strong>2).</strong></span> 
     </span>
    </p>

    <p class='ocr_par' dir='ltr' id='par_1_3' title="bbox 131 972 1341 3582">
     <span class='ocr_line' id='line_1_7' title="bbox 254 972 1268 1059; baseline 0 -21"><span class='ocrx_word' id='word_1_44' title='bbox 254 973 302 1038; x_wconf 84' lang='lat' dir='ltr'><strong>Ex</strong></span> <span class='ocrx_word' id='word_1_45' title='bbox 318 975 423 1039; x_wconf 91' lang='lat' dir='ltr'><strong>eodem</strong></span> <span class='ocrx_word' id='word_1_46' title='bbox 446 975 528 1038; x_wconf 88' lang='lat' dir='ltr'><strong>fonte</strong></span> <span class='ocrx_word' id='word_1_47' title='bbox 544 974 632 1038; x_wconf 85' lang='lat' dir='ltr'><strong>fluxit</strong></span> <span class='ocrx_word' id='word_1_48' title='bbox 655 973 788 1059; x_wconf 84' lang='lat' dir='ltr'><strong>Appiani</strong></span> <span class='ocrx_word' id='word_1_49' title='bbox 812 972 998 1037; x_wconf 88' lang='lat' dir='ltr'><strong>consuetudo</strong></span> <span class='ocrx_word' id='word_1_50' title='bbox 1015 973 1155 1037; x_wconf 90' lang='lat' dir='ltr'><strong>narrandi</strong></span> <span class='ocrx_word' id='word_1_51' title='bbox 1177 974 1268 1038; x_wconf 86' lang='lat' dir='ltr'><strong>inter·</strong></span> 
     </span>
     <span class='ocr_line' id='line_1_8' title="bbox 151 1082 1267 1170; baseline 0 -22"><span class='ocrx_word' id='word_1_52' title='bbox 151 1084 347 1170; x_wconf 88' lang='lat' dir='ltr'><strong>pretandiquc</strong></span> <span class='ocrx_word' id='word_1_53' title='bbox 362 1084 497 1170; x_wconf 85' lang='lat' dir='ltr'><strong>prodigia</strong></span> <span class='ocrx_word' id='word_1_54' title='bbox 510 1090 540 1147; x_wconf 90' lang='lat' dir='ltr'><strong>et</strong></span> <span class='ocrx_word' id='word_1_55' title='bbox 553 1083 677 1147; x_wconf 90' lang='lat' dir='ltr'><strong>somnia.</strong></span> <span class='ocrx_word' id='word_1_56' title='bbox 703 1082 962 1167; x_wconf 87' lang='lat' dir='ltr'><strong>Occurruntapud</strong></span> <span class='ocrx_word' id='word_1_57' title='bbox 976 1105 1045 1146; x_wconf 92' lang='lat' dir='ltr'><strong>eum</strong></span> <span class='ocrx_word' id='word_1_58' title='bbox 1056 1083 1156 1147; x_wconf 90' lang='lat' dir='ltr'><strong>omina</strong></span> <span class='ocrx_word' id='word_1_59' title='bbox 1168 1083 1267 1148; x_wconf 78' lang='lat' dir='ltr'><strong>fausta</strong></span> 
     </span>
     <span class='ocr_line' id='line_1_9' title="bbox 150 1191 1265 1278; baseline -0.002 -20"><span class='ocrx_word' id='word_1_60' title='bbox 150 1193 250 1259; x_wconf 87' lang='lat' dir='ltr'><strong>oblata</strong></span> <span class='ocrx_word' id='word_1_61' title='bbox 272 1195 369 1258; x_wconf 90' lang='lat' dir='ltr'><strong>Mario</strong></span> <span class='ocrx_word' id='word_1_62' title='bbox 392 1216 486 1278; x_wconf 91' lang='lat' dir='ltr'><strong>puero</strong></span> <span class='ocrx_word' id='word_1_63' title='bbox 512 1195 544 1278; x_wconf 86' lang='lat'><strong>3)</strong></span> <span class='ocrx_word' id='word_1_64' title='bbox 569 1199 598 1256; x_wconf 88' lang='lat' dir='ltr'><strong>et</strong></span> <span class='ocrx_word' id='word_1_65' title='bbox 623 1192 748 1256; x_wconf 86' lang='lat' dir='ltr'><strong>Octavio</strong></span> <span class='ocrx_word' id='word_1_66' title='bbox 773 1191 958 1276; x_wconf 70' lang='lat' dir='ltr'><strong>consulit),</strong></span> <span class='ocrx_word' id='word_1_67' title='bbox 983 1191 1035 1256; x_wconf 89' lang='lat' dir='ltr'><strong>scd</strong></span> <span class='ocrx_word' id='word_1_68' title='bbox 1059 1192 1147 1277; x_wconf 88' lang='lat' dir='ltr'><strong>plura</strong></span> <span class='ocrx_word' id='word_1_69' title='bbox 1169 1193 1265 1257; x_wconf 88' lang='lat' dir='ltr'><strong>infau-</strong></span> 
     </span>
     <span class='ocr_line' id='line_1_10' title="bbox 150 1299 1265 1388; baseline 0.001 -22"><span class='ocrx_word' id='word_1_70' title='bbox 150 1312 213 1382; x_wconf 89' lang='lat' dir='ltr'><strong>sta,</strong></span> <span class='ocrx_word' id='word_1_71' title='bbox 249 1326 324 1388; x_wconf 89' lang='lat' dir='ltr'><strong>quac</strong></span> <span class='ocrx_word' id='word_1_72' title='bbox 348 1304 457 1367; x_wconf 83' lang='lat' dir='ltr'><strong>Crasso</strong></span> <span class='ocrx_word' id='word_1_73' title='bbox 488 1302 607 1367; x_wconf 92' lang='lat' dir='ltr'><strong>Parthis</strong></span> <span class='ocrx_word' id='word_1_74' title='bbox 632 1299 744 1365; x_wconf 92' lang='lat' dir='ltr'><strong>bellum</strong></span> <span class='ocrx_word' id='word_1_75' title='bbox 777 1302 914 1366; x_wconf 85' lang='lat' dir='ltr'><strong>inferenti</strong></span> <span class='ocrx_word' id='word_1_76' title='bbox 934 1304 985 1384; x_wconf 88' lang='grc'><strong>5),</strong></span> <span class='ocrx_word' id='word_1_77' title='bbox 1016 1302 1162 1387; x_wconf 90' lang='lat' dir='ltr'><strong>Pompeio</strong></span> <span class='ocrx_word' id='word_1_78' title='bbox 1194 1308 1265 1388; x_wconf 89' lang='lat' dir='ltr'><strong>post</strong></span> 
     </span>
     <span class='ocr_line' id='line_1_11' title="bbox 148 1411 1263 1498; baseline 0 -22"><span class='ocrx_word' id='word_1_79' title='bbox 148 1413 250 1498; x_wconf 85' lang='lat' dir='ltr'><strong>fugam</strong></span> <span class='ocrx_word' id='word_1_80' title='bbox 270 1436 306 1476; x_wconf 82' lang='lat' dir='ltr'><strong>ex</strong></span> <span class='ocrx_word' id='word_1_81' title='bbox 330 1412 419 1476; x_wconf 89' lang='lat' dir='ltr'><strong>Italia</strong></span> <span class='ocrx_word' id='word_1_82' title='bbox 454 1418 542 1497; x_wconf 87' lang='lat' dir='ltr'><strong>atque</strong></span> <span class='ocrx_word' id='word_1_83' title='bbox 580 1418 648 1475; x_wconf 86' lang='lat' dir='ltr'><strong>ante</strong></span> <span class='ocrx_word' id='word_1_84' title='bbox 684 1434 817 1496; x_wconf 85' lang='lat' dir='ltr'><strong>pugnam</strong></span> <span class='ocrx_word' id='word_1_85' title='bbox 851 1411 1053 1476; x_wconf 86' lang='lat' dir='ltr'><strong>Pharsalicam</strong></span> <span class='ocrx_word' id='word_1_86' title='bbox 1072 1414 1118 1494; x_wconf 84' lang='grc'><strong>6),</strong></span> <span class='ocrx_word' id='word_1_87' title='bbox 1144 1411 1263 1476; x_wconf 82' lang='lat' dir='ltr'><strong>Caesari</strong></span> 
     </span>
     <span class='ocr_line' id='line_1_12' title="bbox 147 1519 1263 1606; baseline 0.002 -21"><span class='ocrx_word' id='word_1_88' title='bbox 147 1522 290 1586; x_wconf 87' lang='lat' dir='ltr'><strong>ultimum</strong></span> <span class='ocrx_word' id='word_1_89' title='bbox 314 1523 426 1586; x_wconf 89' lang='lat' dir='ltr'><strong>curiam</strong></span> <span class='ocrx_word' id='word_1_90' title='bbox 457 1523 604 1586; x_wconf 89' lang='lat' dir='ltr'><strong>intraturo</strong></span> <span class='ocrx_word' id='word_1_91' title='bbox 625 1522 670 1604; x_wconf 91' lang='grc'><strong>7),</strong></span> <span class='ocrx_word' id='word_1_92' title='bbox 694 1521 866 1586; x_wconf 83' lang='lat' dir='ltr'><strong>Alexandro</strong></span> <span class='ocrx_word' id='word_1_93' title='bbox 898 1520 1011 1606; x_wconf 82' lang='lat' dir='ltr'><strong>Magno</strong></span> <span class='ocrx_word' id='word_1_94' title='bbox 1043 1521 1075 1584; x_wconf 90' lang='lat' dir='ltr'><strong>in</strong></span> <span class='ocrx_word' id='word_1_95' title='bbox 1104 1519 1193 1586; x_wconf 90' lang='lat' dir='ltr'><strong>India</strong></span> <span class='ocrx_word' id='word_1_96' title='bbox 1210 1523 1263 1606; x_wconf 86' lang='lat'><strong>8),</strong></span> 
     </span>
     <span class='ocr_line' id='line_1_13' title="bbox 146 1630 1262 1717; baseline -0.002 -20"><span class='ocrx_word' id='word_1_97' title='bbox 146 1631 242 1697; x_wconf 89' lang='lat' dir='ltr'><strong>Bruto</strong></span> <span class='ocrx_word' id='word_1_98' title='bbox 258 1632 344 1696; x_wconf 89' lang='lat' dir='ltr'><strong>initio</strong></span> <span class='ocrx_word' id='word_1_99' title='bbox 362 1633 482 1696; x_wconf 87' lang='lat' dir='ltr'><strong>alterius</strong></span> <span class='ocrx_word' id='word_1_100' title='bbox 506 1654 625 1717; x_wconf 80' lang='lat' dir='ltr'><strong>pugnae</strong></span> <span class='ocrx_word' id='word_1_101' title='bbox 641 1630 844 1716; x_wconf 90' lang='lat' dir='ltr'><strong>Philippensis</strong></span> <span class='ocrx_word' id='word_1_102' title='bbox 859 1635 907 1713; x_wconf 86' lang='grc'><strong>9),</strong></span> <span class='ocrx_word' id='word_1_103' title='bbox 931 1631 1028 1695; x_wconf 85' lang='lat' dir='ltr'><strong>eidem</strong></span> <span class='ocrx_word' id='word_1_104' title='bbox 1043 1637 1074 1695; x_wconf 88' lang='lat' dir='ltr'><strong>ct</strong></span> <span class='ocrx_word' id='word_1_105' title='bbox 1089 1630 1191 1695; x_wconf 87' lang='lat' dir='ltr'><strong>Cassio</strong></span> <span class='ocrx_word' id='word_1_106' title='bbox 1208 1633 1262 1716; x_wconf 88' lang='grc'><strong>10)</strong></span> 
     </span>
     <span class='ocr_line' id='line_1_14' title="bbox 142 1739 1259 1806; baseline -0.001 0"><span class='ocrx_word' id='word_1_107' title='bbox 142 1741 325 1806; x_wconf 83' lang='lat' dir='ltr'><strong>obvenerint.</strong></span> <span class='ocrx_word' id='word_1_108' title='bbox 349 1742 447 1806; x_wconf 81' lang='lat' dir='ltr'><strong>Cinna</strong></span> <span class='ocrx_word' id='word_1_109' title='bbox 454 1749 573 1806; x_wconf 87' lang='lat' dir='ltr'><strong>mortuo</strong></span> <span class='ocrx_word' id='word_1_110' title='bbox 583 1741 653 1805; x_wconf 89' lang='lat' dir='ltr'><strong>fana</strong></span> <span class='ocrx_word' id='word_1_111' title='bbox 664 1740 768 1804; x_wconf 84' lang='lat' dir='ltr'><strong>Lunae</strong></span> <span class='ocrx_word' id='word_1_112' title='bbox 780 1747 810 1804; x_wconf 91' lang='lat' dir='ltr'><strong>et</strong></span> <span class='ocrx_word' id='word_1_113' title='bbox 824 1741 940 1805; x_wconf 82' lang='lat' dir='ltr'><strong>Cereris</strong></span> <span class='ocrx_word' id='word_1_114' title='bbox 954 1741 992 1804; x_wconf 91' lang='lat' dir='ltr'><strong>dc</strong></span> <span class='ocrx_word' id='word_1_115' title='bbox 1004 1739 1087 1804; x_wconf 89' lang='lat' dir='ltr'><strong>coelo</strong></span> <span class='ocrx_word' id='word_1_116' title='bbox 1103 1746 1181 1805; x_wconf 88' lang='lat' dir='ltr'><strong>tacta</strong></span> <span class='ocrx_word' id='word_1_117' title='bbox 1193 1763 1259 1806; x_wconf 88' lang='lat' dir='ltr'><strong>esse</strong></span> 
     </span>
     <span class='ocr_line' id='line_1_15' title="bbox 142 1849 1260 1936; baseline 0.001 -22"><span class='ocrx_word' id='word_1_118' title='bbox 142 1850 279 1914; x_wconf 84' lang='lat' dir='ltr'><strong>feruntur</strong></span> <span class='ocrx_word' id='word_1_119' title='bbox 290 1853 352 1935; x_wconf 93' lang='grc'>11),</span> <span class='ocrx_word' id='word_1_120' title='bbox 373 1851 432 1915; x_wconf 89' lang='lat' dir='ltr'><strong>alia</strong></span> <span class='ocrx_word' id='word_1_121' title='bbox 447 1851 583 1936; x_wconf 82' lang='lat' dir='ltr'><strong>prodigia</strong></span> <span class='ocrx_word' id='word_1_122' title='bbox 600 1849 713 1914; x_wconf 89' lang='lat' dir='ltr'><strong>bellum</strong></span> <span class='ocrx_word' id='word_1_123' title='bbox 730 1849 889 1914; x_wconf 84' lang='lat' dir='ltr'><strong>Sullanum</strong></span> <span class='ocrx_word' id='word_1_124' title='bbox 902 1852 955 1936; x_wconf 92' lang='grc'><strong>12)</strong></span> <span class='ocrx_word' id='word_1_125' title='bbox 980 1857 1010 1914; x_wconf 89' lang='lat' dir='ltr'><strong>et</strong></span> <span class='ocrx_word' id='word_1_126' title='bbox 1026 1850 1182 1915; x_wconf 85' lang='lat' dir='ltr'><strong>Caesarem</strong></span> <span class='ocrx_word' id='word_1_127' title='bbox 1191 1849 1260 1915; x_wconf 92' lang='lat' dir='ltr'><strong>urbi</strong></span> 
     </span>
     <span class='ocr_line' id='line_1_16' title="bbox 143 1931 1341 2056; baseline 0.002 -34"><span class='ocrx_word' id='word_1_128' title='bbox 143 1959 348 2023; x_wconf 88' lang='lat' dir='ltr'><strong>imminentem</strong></span> <span class='ocrx_word' id='word_1_129' title='bbox 366 1964 418 2042; x_wconf 88' lang='grc'><strong>13)</strong></span> <span class='ocrx_word' id='word_1_130' title='bbox 430 1960 653 2046; x_wconf 88' lang='lat' dir='ltr'><strong>praenuntiant.</strong></span> <span class='ocrx_word' id='word_1_131' title='bbox 680 1959 749 2041; x_wconf 74' lang='lat' dir='ltr'><strong>Quo</strong></span> <span class='ocrx_word' id='word_1_132' title='bbox 765 1967 909 2045; x_wconf 88' lang='lat' dir='ltr'><strong>ternpore,</strong></span> <span class='ocrx_word' id='word_1_133' title='bbox 922 1961 1087 2039; x_wconf 85' lang='lat' dir='ltr'><strong>Antonius,</strong></span> <span class='ocrx_word' id='word_1_134' title='bbox 1104 1940 1264 2056; x_wconf 58' lang='lat' dir='ltr'><strong>Octavius!</strong></span> <span class='ocrx_word' id='word_1_135' title='bbox 1322 1931 1341 2050; x_wconf 70' lang='lat' dir='ltr'><em>J</em></span> 
     </span>
     <span class='ocr_line' id='line_1_17' title="bbox 141 2068 1262 2156; baseline 0.003 -25"><span class='ocrx_word' id='word_1_136' title='bbox 141 2075 171 2132; x_wconf 91' lang='lat' dir='ltr'><strong>et</strong></span> <span class='ocrx_word' id='word_1_137' title='bbox 194 2068 325 2154; x_wconf 85' lang='lat' dir='ltr'><strong>Lepidus</strong></span> <span class='ocrx_word' id='word_1_138' title='bbox 342 2071 501 2154; x_wconf 89' lang='lat' dir='ltr'><strong>imperium</strong></span> <span class='ocrx_word' id='word_1_139' title='bbox 516 2070 687 2134; x_wconf 84' lang='lat' dir='ltr'><strong>Romanum</strong></span> <span class='ocrx_word' id='word_1_140' title='bbox 703 2070 781 2132; x_wconf 88' lang='lat' dir='ltr'><strong>inter</strong></span> <span class='ocrx_word' id='word_1_141' title='bbox 797 2093 828 2133; x_wconf 90' lang='lat' dir='ltr'><strong>se</strong></span> <span class='ocrx_word' id='word_1_142' title='bbox 845 2069 1037 2148; x_wconf 88' lang='lat' dir='ltr'><strong>dividebant,</strong></span> <span class='ocrx_word' id='word_1_143' title='bbox 1063 2076 1185 2135; x_wconf 85' lang='lat' dir='ltr'><strong>auctore</strong></span> <span class='ocrx_word' id='word_1_144' title='bbox 1196 2073 1262 2156; x_wconf 82' lang='lat' dir='ltr'><strong>Ap-</strong></span> 
     </span>
     <span class='ocr_line' id='line_1_18' title="bbox 140 2177 1260 2266; baseline 0.002 -24"><span class='ocrx_word' id='word_1_145' title='bbox 140 2179 230 2264; x_wconf 90' lang='lat' dir='ltr'><strong>piano</strong></span> <span class='ocrx_word' id='word_1_146' title='bbox 253 2177 350 2243; x_wconf 93' lang='lat' dir='ltr'><strong>multa</strong></span> <span class='ocrx_word' id='word_1_147' title='bbox 372 2178 523 2243; x_wconf 88' lang='lat' dir='ltr'><strong>horrenda</strong></span> <span class='ocrx_word' id='word_1_148' title='bbox 546 2179 578 2242; x_wconf 88' lang='lat' dir='ltr'><strong>in</strong></span> <span class='ocrx_word' id='word_1_149' title='bbox 594 2177 668 2242; x_wconf 88' lang='lat' dir='ltr'><strong>urbe</strong></span> <span class='ocrx_word' id='word_1_150' title='bbox 697 2178 760 2242; x_wconf 88' lang='lat' dir='ltr'><strong>visa</strong></span> <span class='ocrx_word' id='word_1_151' title='bbox 785 2185 856 2242; x_wconf 90' lang='lat' dir='ltr'><strong>sunt</strong></span> <span class='ocrx_word' id='word_1_152' title='bbox 877 2179 1031 2264; x_wconf 86' lang='lat' dir='ltr'><strong>prodigia,</strong></span> <span class='ocrx_word' id='word_1_153' title='bbox 1056 2179 1166 2264; x_wconf 90' lang='lat' dir='ltr'><strong>quibus</strong></span> <span class='ocrx_word' id='word_1_154' title='bbox 1190 2203 1260 2266; x_wconf 89' lang='lat' dir='ltr'><strong>pro·</strong></span> 
     </span>
     <span class='ocr_line' id='line_1_19' title="bbox 141 2286 1257 2372; baseline 0.002 -20"><span class='ocrx_word' id='word_1_155' title='bbox 141 2287 280 2352; x_wconf 89' lang='lat' dir='ltr'><strong>curandis</strong></span> <span class='ocrx_word' id='word_1_156' title='bbox 312 2293 434 2351; x_wconf 89' lang='lat' dir='ltr'><strong>senatus</strong></span> <span class='ocrx_word' id='word_1_157' title='bbox 467 2286 640 2372; x_wconf 85' lang='lat' dir='ltr'><strong>haruspices</strong></span> <span class='ocrx_word' id='word_1_158' title='bbox 672 2310 705 2351; x_wconf 91' lang='lat' dir='ltr'><strong>ac</strong></span> <span class='ocrx_word' id='word_1_159' title='bbox 743 2293 825 2352; x_wconf 86' lang='lat' dir='ltr'><strong>vates</strong></span> <span class='ocrx_word' id='word_1_160' title='bbox 861 2309 897 2352; x_wconf 87' lang='lat' dir='ltr'><strong>ex</strong></span> <span class='ocrx_word' id='word_1_161' title='bbox 936 2287 1056 2352; x_wconf 84' lang='lat' dir='ltr'><strong>Etruria</strong></span> <span class='ocrx_word' id='word_1_162' title='bbox 1088 2289 1257 2369; x_wconf 85' lang='lat' dir='ltr'><strong>arcessivit,</strong></span> 
     </span>
     <span class='ocr_line' id='line_1_20' title="bbox 139 2397 1258 2484; baseline 0.004 -25"><span class='ocrx_word' id='word_1_163' title='bbox 139 2418 269 2481; x_wconf 88' lang='lat' dir='ltr'><strong>quorum</strong></span> <span class='ocrx_word' id='word_1_164' title='bbox 283 2404 357 2461; x_wconf 90' lang='lat' dir='ltr'><strong>natu</strong></span> <span class='ocrx_word' id='word_1_165' title='bbox 373 2397 520 2460; x_wconf 80' lang='lat' dir='ltr'><strong>maximus</strong></span> <span class='ocrx_word' id='word_1_166' title='bbox 538 2397 614 2461; x_wconf 87' lang='lat' dir='ltr'><strong>miro</strong></span> <span class='ocrx_word' id='word_1_167' title='bbox 638 2398 729 2462; x_wconf 88' lang='lat' dir='ltr'><strong>modo</strong></span> <span class='ocrx_word' id='word_1_168' title='bbox 754 2404 872 2462; x_wconf 89' lang='lat' dir='ltr'><strong>ostenta</strong></span> <span class='ocrx_word' id='word_1_169' title='bbox 894 2398 1105 2484; x_wconf 87' lang='lat' dir='ltr'><strong>interpretatus</strong></span> <span class='ocrx_word' id='word_1_170' title='bbox 1130 2405 1176 2462; x_wconf 92' lang='lat' dir='ltr'><strong>cst</strong></span> <span class='ocrx_word' id='word_1_171' title='bbox 1194 2401 1258 2484; x_wconf 90' lang='grc'>14).</span> 
     </span>
     <span class='ocr_line' id='line_1_21' title="bbox 139 2506 1259 2594; baseline 0.001 -22"><span class='ocrx_word' id='word_1_172' title='bbox 139 2506 225 2572; x_wconf 88' lang='lat' dir='ltr'><strong>Inter</strong></span> <span class='ocrx_word' id='word_1_173' title='bbox 251 2530 373 2586; x_wconf 88' lang='lat' dir='ltr'><strong>causas,</strong></span> <span class='ocrx_word' id='word_1_174' title='bbox 395 2529 474 2592; x_wconf 91' lang='lat' dir='ltr'><strong>quae</strong></span> <span class='ocrx_word' id='word_1_175' title='bbox 497 2507 631 2572; x_wconf 86' lang='lat' dir='ltr'><strong>Antonio</strong></span> <span class='ocrx_word' id='word_1_176' title='bbox 654 2515 883 2594; x_wconf 88' lang='lat' dir='ltr'><strong>persuaserunt,</strong></span> <span class='ocrx_word' id='word_1_177' title='bbox 915 2531 954 2572; x_wconf 92' lang='lat' dir='ltr'><strong>ne</strong></span> <span class='ocrx_word' id='word_1_178' title='bbox 979 2509 1137 2573; x_wconf 91' lang='lat' dir='ltr'><strong>Octavium</strong></span> <span class='ocrx_word' id='word_1_179' title='bbox 1160 2509 1259 2573; x_wconf 87' lang='lat' dir='ltr'><strong>Brun·</strong></span> 
     </span>
     <span class='ocr_line' id='line_1_22' title="bbox 139 2617 1258 2706; baseline 0.001 -25"><span class='ocrx_word' id='word_1_180' title='bbox 139 2617 219 2682; x_wconf 91' lang='lat' dir='ltr'><strong>dusii</strong></span> <span class='ocrx_word' id='word_1_181' title='bbox 243 2624 443 2705; x_wconf 86' lang='lat' dir='ltr'><strong>exspectaret,</strong></span> <span class='ocrx_word' id='word_1_182' title='bbox 467 2643 485 2682; x_wconf 92' lang='lat' dir='ltr'><strong>a</strong></span> <span class='ocrx_word' id='word_1_183' title='bbox 515 2618 658 2706; x_wconf 86' lang='lat' dir='ltr'><strong>scriptore</strong></span> <span class='ocrx_word' id='word_1_184' title='bbox 688 2620 826 2705; x_wconf 91' lang='lat' dir='ltr'><strong>ponitur,</strong></span> <span class='ocrx_word' id='word_1_185' title='bbox 852 2619 933 2704; x_wconf 92' lang='lat' dir='ltr'><strong>quod</strong></span> <span class='ocrx_word' id='word_1_186' title='bbox 956 2618 1093 2704; x_wconf 83' lang='lat' dir='ltr'><strong>prodigio</strong></span> <span class='ocrx_word' id='word_1_187' title='bbox 1125 2618 1258 2702; x_wconf 91' lang='lat' dir='ltr'><strong>quodam</strong></span> 
     </span>
     <span class='ocr_line' id='line_1_23' title="bbox 138 2727 1254 2814; baseline 0.004 -24"><span class='ocrx_word' id='word_1_188' title='bbox 138 2727 229 2791; x_wconf 90' lang='lat' dir='ltr'><strong>fuerit</strong></span> <span class='ocrx_word' id='word_1_189' title='bbox 253 2728 374 2792; x_wconf 89' lang='lat' dir='ltr'><strong>territus</strong></span> <span class='ocrx_word' id='word_1_190' title='bbox 388 2731 448 2810; x_wconf 82' lang='lat'><strong>15).</strong></span> <span class='ocrx_word' id='word_1_191' title='bbox 480 2729 653 2813; x_wconf 84' lang='lat' dir='ltr'><strong>Tempestas</strong></span> <span class='ocrx_word' id='word_1_192' title='bbox 679 2729 840 2793; x_wconf 90' lang='lat' dir='ltr'><strong>Octavium</strong></span> <span class='ocrx_word' id='word_1_193' title='bbox 862 2729 1054 2814; x_wconf 85' lang='lat' dir='ltr'><strong>navigantem</strong></span> <span class='ocrx_word' id='word_1_194' title='bbox 1078 2729 1182 2793; x_wconf 89' lang='lat' dir='ltr'><strong>adorta</strong></span> <span class='ocrx_word' id='word_1_195' title='bbox 1208 2751 1254 2794; x_wconf 93' lang='lat' dir='ltr'><strong>so·</strong></span> 
     </span>
     <span class='ocr_line' id='line_1_24' title="bbox 137 2836 1253 2925; baseline 0.004 -26"><span class='ocrx_word' id='word_1_196' title='bbox 137 2836 197 2900; x_wconf 91' lang='lat' dir='ltr'><strong>lam</strong></span> <span class='ocrx_word' id='word_1_197' title='bbox 220 2859 326 2901; x_wconf 89' lang='lat' dir='ltr'><strong>navem</strong></span> <span class='ocrx_word' id='word_1_198' title='bbox 349 2838 528 2923; x_wconf 88' lang='lat' dir='ltr'><strong>praetoriam</strong></span> <span class='ocrx_word' id='word_1_199' title='bbox 556 2838 584 2902; x_wconf 91' lang='lat' dir='ltr'><strong>ei</strong></span> <span class='ocrx_word' id='word_1_200' title='bbox 615 2845 749 2923; x_wconf 85' lang='lat' dir='ltr'><strong>paratam</strong></span> <span class='ocrx_word' id='word_1_201' title='bbox 782 2839 885 2925; x_wconf 82' lang='lat' dir='ltr'><strong>fregit,</strong></span> <span class='ocrx_word' id='word_1_202' title='bbox 919 2861 995 2924; x_wconf 89' lang='lat' dir='ltr'><strong>quae</strong></span> <span class='ocrx_word' id='word_1_203' title='bbox 1018 2862 1065 2903; x_wconf 88' lang='lat' dir='ltr'><strong>res</strong></span> <span class='ocrx_word' id='word_1_204' title='bbox 1097 2840 1130 2903; x_wconf 87' lang='lat' dir='ltr'><strong>in</strong></span> <span class='ocrx_word' id='word_1_205' title='bbox 1166 2860 1253 2904; x_wconf 86' lang='lat' dir='ltr'><strong>omen</strong></span> 
     </span>
     <span class='ocr_line' id='line_1_25' title="bbox 135 2947 1253 3035; baseline 0.005 -27"><span class='ocrx_word' id='word_1_206' title='bbox 135 2956 202 3009; x_wconf 82' lang='lat' dir='ltr'><strong>tum</strong></span> <span class='ocrx_word' id='word_1_207' title='bbox 225 2968 308 3010; x_wconf 87' lang='lat' dir='ltr'><strong>versa</strong></span> <span class='ocrx_word' id='word_1_208' title='bbox 332 2953 377 3011; x_wconf 91' lang='lat' dir='ltr'><strong>est</strong></span> <span class='ocrx_word' id='word_1_209' title='bbox 396 2949 459 3031; x_wconf 90' lang='grc'>16).</span> <span class='ocrx_word' id='word_1_210' title='bbox 506 2947 601 3012; x_wconf 92' lang='lat' dir='ltr'><strong>Paulo</strong></span> <span class='ocrx_word' id='word_1_211' title='bbox 618 2953 686 3012; x_wconf 90' lang='lat' dir='ltr'><strong>ante</strong></span> <span class='ocrx_word' id='word_1_212' title='bbox 710 2971 845 3035; x_wconf 83' lang='lat' dir='ltr'><strong>pugnam</strong></span> <span class='ocrx_word' id='word_1_213' title='bbox 869 2949 906 3013; x_wconf 87' lang='lat' dir='ltr'><strong>ad</strong></span> <span class='ocrx_word' id='word_1_214' title='bbox 929 2948 1107 3013; x_wconf 90' lang='lat' dir='ltr'><strong>Pharsalum</strong></span> <span class='ocrx_word' id='word_1_215' title='bbox 1130 2949 1253 3035; x_wconf 82' lang='lat' dir='ltr'><strong>igneum</strong></span> 
     </span>
     <span class='ocr_line' id='line_1_26' title="bbox 134 3053 1254 3145; baseline 0.007 -28"><span class='ocrx_word' id='word_1_216' title='bbox 134 3053 284 3139; x_wconf 84' lang='lat' dir='ltr'><strong>fulgorem</strong></span> <span class='ocrx_word' id='word_1_217' title='bbox 313 3055 350 3120; x_wconf 89' lang='lat' dir='ltr'><strong>de</strong></span> <span class='ocrx_word' id='word_1_218' title='bbox 381 3056 464 3120; x_wconf 89' lang='lat' dir='ltr'><strong>coelo</strong></span> <span class='ocrx_word' id='word_1_219' title='bbox 496 3056 670 3121; x_wconf 83' lang='lat' dir='ltr'><strong>aGaesaris</strong></span> <span class='ocrx_word' id='word_1_220' title='bbox 703 3058 807 3122; x_wconf 88' lang='lat' dir='ltr'><strong>castris</strong></span> <span class='ocrx_word' id='word_1_221' title='bbox 837 3057 874 3122; x_wconf 93' lang='lat' dir='ltr'><strong>ad</strong></span> <span class='ocrx_word' id='word_1_222' title='bbox 906 3058 1087 3145; x_wconf 89' lang='lat' dir='ltr'><strong>Pompeiana</strong></span> <span class='ocrx_word' id='word_1_223' title='bbox 1117 3058 1254 3125; x_wconf 85' lang='lat' dir='ltr'><strong>delatum</strong></span> 
     </span>
     <span class='ocr_line' id='line_1_27' title="bbox 133 3163 1254 3254; baseline 0.004 -25"><span class='ocrx_word' id='word_1_224' title='bbox 133 3163 235 3250; x_wconf 86' lang='lat' dir='ltr'><strong>ibique</strong></span> <span class='ocrx_word' id='word_1_225' title='bbox 258 3165 380 3230; x_wconf 89' lang='lat' dir='ltr'><strong>demum</strong></span> <span class='ocrx_word' id='word_1_226' title='bbox 408 3165 590 3230; x_wconf 87' lang='lat' dir='ltr'><strong>exstinctum</strong></span> <span class='ocrx_word' id='word_1_227' title='bbox 618 3189 706 3246; x_wconf 89' lang='lat' dir='ltr'><strong>csse,</strong></span> <span class='ocrx_word' id='word_1_228' title='bbox 737 3174 836 3232; x_wconf 88' lang='lat' dir='ltr'><strong>narrat</strong></span> <span class='ocrx_word' id='word_1_229' title='bbox 864 3168 1043 3254; x_wconf 90' lang='lat' dir='ltr'><strong>Appianus,</strong></span> <span class='ocrx_word' id='word_1_230' title='bbox 1067 3191 1127 3253; x_wconf 93' lang='lat' dir='ltr'><strong>quo</strong></span> <span class='ocrx_word' id='word_1_231' title='bbox 1152 3169 1254 3234; x_wconf 91' lang='lat' dir='ltr'><strong>omine</strong></span> 
     </span>
     <span class='ocr_line' id='line_1_28' title="bbox 133 3274 1252 3370; baseline 0.005 -31"><span class='ocrx_word' id='word_1_232' title='bbox 133 3275 193 3340; x_wconf 91' lang='lat' dir='ltr'><strong>sibi</strong></span> <span class='ocrx_word' id='word_1_233' title='bbox 209 3275 363 3338; x_wconf 87' lang='lat' dir='ltr'><strong>victoriam</strong></span> <span class='ocrx_word' id='word_1_234' title='bbox 377 3274 515 3361; x_wconf 89' lang='lat' dir='ltr'><strong>portendi</strong></span> <span class='ocrx_word' id='word_1_235' title='bbox 533 3299 603 3340; x_wconf 91' lang='lat' dir='ltr'><strong>cum</strong></span> <span class='ocrx_word' id='word_1_236' title='bbox 619 3277 793 3364; x_wconf 89' lang='lat' dir='ltr'><strong>Pompeius,</strong></span> <span class='ocrx_word' id='word_1_237' title='bbox 804 3284 875 3370; x_wconf 85' lang='lat' dir='ltr'><strong>tum</strong></span> <span class='ocrx_word' id='word_1_238' title='bbox 892 3278 1001 3342; x_wconf 82' lang='lat' dir='ltr'><strong>Caesar</strong></span> <span class='ocrx_word' id='word_1_239' title='bbox 1022 3284 1105 3342; x_wconf 88' lang='lat' dir='ltr'><strong>ratus</strong></span> <span class='ocrx_word' id='word_1_240' title='bbox 1130 3279 1170 3344; x_wconf 91' lang='lat' dir='ltr'><strong>sit</strong></span> <span class='ocrx_word' id='word_1_241' title='bbox 1188 3280 1252 3360; x_wconf 91' lang='grc'>17).</span> 
     </span>
     <span class='ocr_line' id='line_1_29' title="bbox 132 3384 1252 3472; baseline 0.004 -23"><span class='ocrx_word' id='word_1_242' title='bbox 132 3384 230 3449; x_wconf 84' lang='lat' dir='ltr'><strong>Nocte</strong></span> <span class='ocrx_word' id='word_1_243' title='bbox 254 3385 383 3469; x_wconf 91' lang='lat' dir='ltr'><strong>quadam</strong></span> <span class='ocrx_word' id='word_1_244' title='bbox 407 3386 582 3472; x_wconf 89' lang='lat' dir='ltr'><strong>priusquam</strong></span> <span class='ocrx_word' id='word_1_245' title='bbox 606 3388 714 3452; x_wconf 82' lang='lat' dir='ltr'><strong>Caesar</strong></span> <span class='ocrx_word' id='word_1_246' title='bbox 729 3387 902 3452; x_wconf 82' lang='lat' dir='ltr'><strong>interfectus</strong></span> <span class='ocrx_word' id='word_1_247' title='bbox 927 3392 973 3452; x_wconf 89' lang='lat' dir='ltr'><strong>est</strong></span> <span class='ocrx_word' id='word_1_248' title='bbox 997 3387 1060 3452; x_wconf 89' lang='lat' dir='ltr'><strong>eius</strong></span> <span class='ocrx_word' id='word_1_249' title='bbox 1083 3410 1162 3453; x_wconf 85' lang='lat' dir='ltr'><strong>uxor</strong></span> <span class='ocrx_word' id='word_1_250' title='bbox 1185 3388 1252 3454; x_wconf 76' lang='lat' dir='ltr'><strong>Gal·</strong></span> 
     </span>
     <span class='ocr_line' id='line_1_30' title="bbox 131 3495 1251 3582; baseline 0.004 -24"><span class='ocrx_word' id='word_1_251' title='bbox 131 3495 239 3581; x_wconf 88' lang='lat' dir='ltr'><strong>purnia</strong></span> <span class='ocrx_word' id='word_1_252' title='bbox 273 3518 326 3582; x_wconf 90' lang='lat' dir='ltr'><strong>per</strong></span> <span class='ocrx_word' id='word_1_253' title='bbox 356 3496 539 3561; x_wconf 89' lang='lat' dir='ltr'><strong>insomnium</strong></span> <span class='ocrx_word' id='word_1_254' title='bbox 575 3498 716 3562; x_wconf 90' lang='lat' dir='ltr'><strong>maritum</strong></span> <span class='ocrx_word' id='word_1_255' title='bbox 746 3498 843 3562; x_wconf 90' lang='lat' dir='ltr'><strong>multo</strong></span> <span class='ocrx_word' id='word_1_256' title='bbox 883 3497 1027 3582; x_wconf 85' lang='lat' dir='ltr'><strong>sanguine</strong></span> <span class='ocrx_word' id='word_1_257' title='bbox 1062 3503 1251 3563; x_wconf 88' lang='lat' dir='ltr'><strong>cruentatum</strong></span> 
     </span>
    </p>
   </div>
   <div class='ocr_carea' id='block_1_3' title="bbox 106 3619 1390 3820">
    <p class='ocr_par' dir='ltr' id='par_1_4' title="bbox 106 3619 1390 3820">
     <span class='ocr_line' id='line_1_31' title="bbox 106 3634 446 3698; baseline 0.009 -13"><span class='ocrx_word' id='word_1_258' title='bbox 106 3634 108 3639; x_wconf 71' lang='grc'>’</span> <span class='ocrx_word' id='word_1_259' title='bbox 182 3637 195 3686; x_wconf 93' lang='lat'>1</span> <span class='ocrx_word' id='word_1_260' title='bbox 242 3635 276 3686; x_wconf 91' lang='lat' dir='ltr'><strong>B.</strong></span> <span class='ocrx_word' id='word_1_261' title='bbox 317 3638 392 3698; x_wconf 81' lang='lat' dir='ltr'><strong>,IV,</strong></span> <span class='ocrx_word' id='word_1_262' title='bbox 441 3676 446 3688; x_wconf 92' lang='lat'><strong>.</strong></span> 
     </span>
     <span class='ocr_line' id='line_1_32' title="bbox 182 3619 1390 3820; baseline 0.002 -49"><span class='ocrx_word' id='word_1_263' title='bbox 182 3639 206 3782; x_wconf 75' lang='lat' dir='ltr'><strong>2l</strong></span> <span class='ocrx_word' id='word_1_264' title='bbox 241 3720 275 3770; x_wconf 90' lang='lat' dir='ltr'><strong>B.</strong></span> <span class='ocrx_word' id='word_1_265' title='bbox 288 3637 319 3772; x_wconf 62' lang='lat' dir='ltr'><em>g</em></span> <span class='ocrx_word' id='word_1_266' title='bbox 331 3723 360 3782; x_wconf 88' lang='lat' dir='ltr'><strong>V,</strong></span> <span class='ocrx_word' id='word_1_267' title='bbox 379 3619 565 3773; x_wconf 48' lang='lat' dir='ltr'><strong>labi-Aliud</strong></span> <span class='ocrx_word' id='word_1_268' title='bbox 577 3723 664 3773; x_wconf 84' lang='lat' dir='ltr'><strong>habeas</strong></span> <span class='ocrx_word' id='word_1_269' title='bbox 676 3724 710 3784; x_wconf 87' lang='lat' dir='ltr'><strong>V,</strong></span> <span class='ocrx_word' id='word_1_270' title='bbox 725 3724 854 3775; x_wconf 72' lang='lat' dir='ltr'><strong>llo—E</strong></span> <span class='ocrx_word' id='word_1_271' title='bbox 866 3723 951 3774; x_wconf 85' lang='lat' dir='ltr'><strong>celcris</strong></span> <span class='ocrx_word' id='word_1_272' title='bbox 969 3723 1072 3789; x_wconf 85' lang='lat' dir='ltr'><strong>Appiani</strong></span> <span class='ocrx_word' id='word_1_273' title='bbox 1089 3723 1158 3773; x_wconf 85' lang='lat' dir='ltr'><strong>libris</strong></span> <span class='ocrx_word' id='word_1_274' title='bbox 1177 3691 1252 3820; x_wconf 52' lang='lat' dir='ltr'><strong>plata</strong></span> <span class='ocrx_word' id='word_1_275' title='bbox 1313 3659 1390 3812; x_wconf 37' lang='lat' dir='ltr'><strong>(sd</strong></span> 
     </span>
    </p>
   </div>
   <div class='ocr_carea' id='block_1_4' title="bbox 126 3805 1244 4459">
    <p class='ocr_par' dir='ltr' id='par_1_5' title="bbox 130 3805 703 3873">
     <span class='ocr_line' id='line_1_33' title="bbox 130 3805 703 3873; baseline 0.009 -21"><span class='ocrx_word' id='word_1_276' title='bbox 130 3805 237 3870; x_wconf 83' lang='lat' dir='ltr'><strong>exempla</strong></span> <span class='ocrx_word' id='word_1_277' title='bbox 253 3807 323 3855; x_wconf 83' lang='lat' dir='ltr'><strong>affert</strong></span> <span class='ocrx_word' id='word_1_278' title='bbox 339 3807 457 3866; x_wconf 87' lang='lat' dir='ltr'><strong>Ulrici,</strong></span> <span class='ocrx_word' id='word_1_279' title='bbox 479 3807 595 3858; x_wconf 76' lang='lat' dir='ltr'><strong>Charcha</strong></span> <span class='ocrx_word' id='word_1_280' title='bbox 620 3824 644 3873; x_wconf 93' lang='lat' dir='ltr'><strong>p.</strong></span> <span class='ocrx_word' id='word_1_281' title='bbox 664 3806 703 3857; x_wconf 78' lang='lat'><strong>73.</strong></span> 
     </span>
    </p>

    <p class='ocr_par' dir='ltr' id='par_1_6' title="bbox 179 3889 1091 3959">
     <span class='ocr_line' id='line_1_34' title="bbox 179 3889 1091 3959; baseline 0.004 -22"><span class='ocrx_word' id='word_1_282' title='bbox 179 3890 203 3950; x_wconf 83' lang='lat'><strong>3)</strong></span> <span class='ocrx_word' id='word_1_283' title='bbox 239 3889 273 3938; x_wconf 93' lang='lat' dir='ltr'><strong>B.</strong></span> <span class='ocrx_word' id='word_1_284' title='bbox 295 3889 320 3940; x_wconf 82' lang='lat'><strong>0.</strong></span> <span class='ocrx_word' id='word_1_285' title='bbox 339 3891 368 3949; x_wconf 96' lang='lat' dir='ltr'><strong>I,</strong></span> <span class='ocrx_word' id='word_1_286' title='bbox 388 3891 566 3941; x_wconf 79' lang='lat' dir='ltr'><strong>61.-1dem</strong></span> <span class='ocrx_word' id='word_1_287' title='bbox 585 3907 655 3941; x_wconf 88' lang='lat' dir='ltr'><strong>omen</strong></span> <span class='ocrx_word' id='word_1_288' title='bbox 675 3892 764 3957; x_wconf 81' lang='lat' dir='ltr'><strong>legitur</strong></span> <span class='ocrx_word' id='word_1_289' title='bbox 781 3893 844 3959; x_wconf 88' lang='lat' dir='ltr'><strong>apud</strong></span> <span class='ocrx_word' id='word_1_290' title='bbox 861 3893 943 3943; x_wconf 90' lang='lat' dir='ltr'><strong>Plut.</strong></span> <span class='ocrx_word' id='word_1_291' title='bbox 961 3892 1031 3943; x_wconf 85' lang='lat' dir='ltr'><strong>Mar.</strong></span> <span class='ocrx_word' id='word_1_292' title='bbox 1050 3893 1091 3941; x_wconf 82' lang='lat'><strong>36.</strong></span> 
     </span>
    </p>

    <p class='ocr_par' dir='ltr' id='par_1_7' title="bbox 126 3973 1244 4292">
     <span class='ocr_line' id='line_1_35' title="bbox 177 3973 1244 4041; baseline 0.003 -20"><span class='ocrx_word' id='word_1_293' title='bbox 177 3975 202 4033; x_wconf 92' lang='grc'><strong>4)</strong></span> <span class='ocrx_word' id='word_1_294' title='bbox 239 3973 284 4022; x_wconf 87' lang='lat' dir='ltr'><strong>Cui</strong></span> <span class='ocrx_word' id='word_1_295' title='bbox 302 3974 435 4039; x_wconf 87' lang='lat' dir='ltr'><strong>auspicium</strong></span> <span class='ocrx_word' id='word_1_296' title='bbox 453 3975 579 4024; x_wconf 90' lang='lat' dir='ltr'><strong>duodecim</strong></span> <span class='ocrx_word' id='word_1_297' title='bbox 597 3977 733 4035; x_wconf 89' lang='lat' dir='ltr'><strong>vulturum,</strong></span> <span class='ocrx_word' id='word_1_298' title='bbox 752 3977 816 4026; x_wconf 92' lang='lat' dir='ltr'><strong>idern</strong></span> <span class='ocrx_word' id='word_1_299' title='bbox 835 3977 898 4041; x_wconf 91' lang='lat' dir='ltr'><strong>quod</strong></span> <span class='ocrx_word' id='word_1_300' title='bbox 919 3977 977 4025; x_wconf 93' lang='lat' dir='ltr'><strong>olim</strong></span> <span class='ocrx_word' id='word_1_301' title='bbox 996 3977 1117 4036; x_wconf 89' lang='lat' dir='ltr'><strong>Romulo,</strong></span> <span class='ocrx_word' id='word_1_302' title='bbox 1136 3976 1244 4040; x_wconf 74' lang='lat' dir='ltr'><strong>contigit.</strong></span> 
     </span>
     <span class='ocr_line' id='line_1_36' title="bbox 126 4055 1185 4123; baseline 0.004 -18"><span class='ocrx_word' id='word_1_303' title='bbox 126 4055 393 4116; x_wconf 81' lang='lat' dir='ltr'><strong>-B.c.111‚94.</strong></span> <span class='ocrx_word' id='word_1_304' title='bbox 480 4061 507 4122; x_wconf 78' lang='grc' dir='ltr'><strong>ὅ)</strong></span> <span class='ocrx_word' id='word_1_305' title='bbox 543 4059 577 4109; x_wconf 91' lang='lat' dir='ltr'><strong>B.</strong></span> <span class='ocrx_word' id='word_1_306' title='bbox 598 4059 625 4111; x_wconf 80' lang='lat'><strong>0.</strong></span> <span class='ocrx_word' id='word_1_307' title='bbox 643 4061 683 4120; x_wconf 92' lang='lat' dir='ltr'><strong>II,</strong></span> <span class='ocrx_word' id='word_1_308' title='bbox 703 4062 743 4110; x_wconf 82' lang='lat'><strong>18.</strong></span> <span class='ocrx_word' id='word_1_309' title='bbox 830 4063 855 4123; x_wconf 81' lang='grc'><strong>6)</strong></span> <span class='ocrx_word' id='word_1_310' title='bbox 890 4060 1084 4120; x_wconf 81' lang='lat' dir='ltr'><strong>B.0.11,58</strong></span> <span class='ocrx_word' id='word_1_311' title='bbox 1103 4065 1127 4110; x_wconf 89' lang='lat' dir='ltr'><strong>ct</strong></span> <span class='ocrx_word' id='word_1_312' title='bbox 1144 4062 1185 4110; x_wconf 84' lang='lat'><strong>68.</strong></span> 
     </span>
     <span class='ocr_line' id='line_1_37' title="bbox 178 4139 1189 4208; baseline 0.004 -18"><span class='ocrx_word' id='word_1_313' title='bbox 178 4139 203 4203; x_wconf 90' lang='grc'><strong>7)</strong></span> <span class='ocrx_word' id='word_1_314' title='bbox 238 4140 538 4202; x_wconf 79' lang='lat' dir='ltr'><strong>B.0.11,116,153.</strong></span> <span class='ocrx_word' id='word_1_315' title='bbox 610 4149 634 4206; x_wconf 85' lang='grc'><strong>8)</strong></span> <span class='ocrx_word' id='word_1_316' title='bbox 670 4146 751 4196; x_wconf 85' lang='lat' dir='ltr'><em>B.C.</em></span> <span class='ocrx_word' id='word_1_317' title='bbox 773 4147 829 4196; x_wconf 82' lang='grc'>152.</span> <span class='ocrx_word' id='word_1_318' title='bbox 902 4149 926 4208; x_wconf 85' lang='grc'><strong>9)</strong></span> <span class='ocrx_word' id='word_1_319' title='bbox 962 4146 1189 4204; x_wconf 80' lang='lat' dir='ltr'><strong>B.c.1v,1aa.</strong></span> 
     </span>
     <span class='ocr_line' id='line_1_38' title="bbox 161 4226 1141 4292; baseline 0.003 -17"><span class='ocrx_word' id='word_1_320' title='bbox 161 4227 202 4288; x_wconf 90' lang='grc'><strong>10)</strong></span> <span class='ocrx_word' id='word_1_321' title='bbox 237 4226 270 4275; x_wconf 86' lang='grc' dir='ltr'><strong>Β.</strong></span> <span class='ocrx_word' id='word_1_322' title='bbox 291 4227 318 4275; x_wconf 83' lang='lat' dir='ltr'><strong>C.</strong></span> <span class='ocrx_word' id='word_1_323' title='bbox 336 4227 387 4285; x_wconf 86' lang='lat' dir='ltr'><strong>IV,</strong></span> <span class='ocrx_word' id='word_1_324' title='bbox 407 4228 464 4277; x_wconf 88' lang='grc'>134.</span> <span class='ocrx_word' id='word_1_325' title='bbox 538 4230 580 4292; x_wconf 90' lang='grc'><strong>11)</strong></span> <span class='ocrx_word' id='word_1_326' title='bbox 616 4230 648 4278; x_wconf 86' lang='grc' dir='ltr'><strong>Β.</strong></span> <span class='ocrx_word' id='word_1_327' title='bbox 673 4230 746 4288; x_wconf 80' lang='lat' dir='ltr'><strong>ul,</strong></span> <span class='ocrx_word' id='word_1_328' title='bbox 767 4229 806 4281; x_wconf 86' lang='grc'><strong>78.</strong></span> <span class='ocrx_word' id='word_1_329' title='bbox 878 4231 919 4291; x_wconf 87' lang='grc'><strong>12)</strong></span> <span class='ocrx_word' id='word_1_330' title='bbox 954 4231 988 4280; x_wconf 91' lang='grc' dir='ltr'><strong>Β.</strong></span> <span class='ocrx_word' id='word_1_331' title='bbox 1010 4231 1035 4279; x_wconf 82' lang='lat' dir='ltr'><strong>C.</strong></span> <span class='ocrx_word' id='word_1_332' title='bbox 1054 4230 1080 4288; x_wconf 92' lang='lat' dir='ltr'><strong>I,</strong></span> <span class='ocrx_word' id='word_1_333' title='bbox 1101 4230 1141 4278; x_wconf 76' lang='lat'><strong>83.</strong></span> 
     </span>
    </p>

    <p class='ocr_par' dir='ltr' id='par_1_8' title="bbox 161 4311 1144 4376">
     <span class='ocr_line' id='line_1_39' title="bbox 161 4311 1144 4376; baseline 0.004 -18"><span class='ocrx_word' id='word_1_334' title='bbox 161 4311 203 4371; x_wconf 85' lang='grc'><strong>13)</strong></span> <span class='ocrx_word' id='word_1_335' title='bbox 238 4312 475 4370; x_wconf 77' lang='lat' dir='ltr'><strong>B.c‘.11,3o.·</strong></span> <span class='ocrx_word' id='word_1_336' title='bbox 531 4315 571 4376; x_wconf 87' lang='grc'><strong>14)</strong></span> <span class='ocrx_word' id='word_1_337' title='bbox 608 4315 641 4364; x_wconf 90' lang='lat' dir='ltr'><strong>B.</strong></span> <span class='ocrx_word' id='word_1_338' title='bbox 661 4315 690 4365; x_wconf 84' lang='lat' dir='ltr'><strong>C.</strong></span> <span class='ocrx_word' id='word_1_339' title='bbox 709 4316 799 4374; x_wconf 79' lang='lat' dir='ltr'><strong>1v‚4.</strong></span> <span class='ocrx_word' id='word_1_340' title='bbox 870 4317 911 4375; x_wconf 84' lang='lat'><strong>15)</strong></span> <span class='ocrx_word' id='word_1_341' title='bbox 949 4315 982 4364; x_wconf 88' lang='lat' dir='ltr'><strong>B.</strong></span> <span class='ocrx_word' id='word_1_342' title='bbox 1004 4315 1030 4364; x_wconf 86' lang='lat' dir='ltr'><strong>C.</strong></span> <span class='ocrx_word' id='word_1_343' title='bbox 1049 4314 1083 4372; x_wconf 91' lang='lat' dir='ltr'><strong>V,</strong></span> <span class='ocrx_word' id='word_1_344' title='bbox 1103 4311 1144 4363; x_wconf 86' lang='grc'><strong>79.</strong></span> 
     </span>
    </p>

    <p class='ocr_par' dir='ltr' id='par_1_9' title="bbox 161 4395 815 4459">
     <span class='ocr_line' id='line_1_40' title="bbox 161 4395 815 4459; baseline 0.009 -15"><span class='ocrx_word' id='word_1_345' title='bbox 161 4395 202 4456; x_wconf 88' lang='grc'><strong>16)</strong></span> <span class='ocrx_word' id='word_1_346' title='bbox 238 4397 270 4446; x_wconf 88' lang='lat' dir='ltr'><strong>B.</strong></span> <span class='ocrx_word' id='word_1_347' title='bbox 292 4397 318 4446; x_wconf 85' lang='lat' dir='ltr'><strong>C.</strong></span> <span class='ocrx_word' id='word_1_348' title='bbox 337 4396 371 4455; x_wconf 90' lang='lat' dir='ltr'><strong>V,</strong></span> <span class='ocrx_word' id='word_1_349' title='bbox 397 4397 437 4446; x_wconf 85' lang='lat'><strong>80.</strong></span> <span class='ocrx_word' id='word_1_350' title='bbox 532 4397 573 4459; x_wconf 81' lang='grc'><strong>17)</strong></span> <span class='ocrx_word' id='word_1_351' title='bbox 610 4400 642 4448; x_wconf 87' lang='grc' dir='ltr'><strong>Β.</strong></span> <span class='ocrx_word' id='word_1_352' title='bbox 665 4400 754 4458; x_wconf 80' lang='lat' dir='ltr'><strong>cn,</strong></span> <span class='ocrx_word' id='word_1_353' title='bbox 775 4402 815 4450; x_wconf 84' lang='grc'><strong>68.</strong></span> 
     </span>
    </p>
   </div>
   <div class='ocr_carea' id='block_1_5' title="bbox 0 0 1400 5152">
    <p class='ocr_par' dir='ltr' id='par_1_10' title="bbox 0 0 1400 5152">
     <span class='ocr_line' id='line_1_41' title="bbox 0 0 1400 5152; baseline 0 7"><span class='ocrx_word' id='word_1_354' title='bbox 0 0 1400 5152; x_wconf 95' lang='lat' dir='ltr'><strong> </strong></span> 
     </span>
    </p>
   </div>
  </div>
 </body>
</html>
