2790 5152
664 207 706 269 32

135 405 219 468 cione
243 404 409 490 Capitolina
432 403 564 468 habitam
584 401 613 487 1)
638 403 774 468 Ciceroni
789 404 871 467 misit
894 405 1101 490 corrigendam
1119 406 1171 489 2),
1195 425 1244 467 cu-

136 514 183 578 ius
215 521 425 600 argumentum
456 512 645 577 interfectum
677 520 839 598 tyrannum
871 520 901 577 et
931 515 1059 599 patriam
1089 514 1244 579 liberatam

136 625 231 688 fuisse
254 647 291 688 ex
314 624 453 708 Appiano
478 622 629 686 discimus.
678 622 737 686 Hic
761 622 884 708 insuper
913 622 1002 687 aliam
1029 624 1162 688 eiusdem
1186 646 1248 686 ora-

137 735 250 797 tionem
285 734 356 797 citat
373 735 413 816 3).
479 733 605 818 Scripsit
635 731 715 795 idem
746 732 889 817 epistolas
921 756 1007 818 saepe
1037 757 1055 798 a
1085 716 1248 798 Plutarcho

138 843 295 907 adhibitas.
335 843 406 906 Huc
430 841 519 905 etiam
542 841 672 928 pertinet
695 842 728 906 C.
760 842 943 921 Memmius,
969 843 1054 907 cuius
1078 844 1249 928 asperrimis

139 949 324 1016 orationibus
349 951 506 1015 Caesarem
529 951 717 1036 rescripsisse
740 958 840 1015 narrat
862 952 1025 1016 Suetonius
1043 954 1084 1035 4).

194 1055 197 1064 ¹
241 1061 379 1126 Occurrit
393 1083 482 1147 porro
502 1062 651 1125 Tanusius
668 1061 834 1140 Geminus,
855 1062 892 1126 de
911 1062 996 1125 onius
1013 1062 1143 1126 nominis
1160 1061 1251 1145 scrip·

140 1177 208 1236 tura
223 1160 337 1236 variant
352 1173 509 1257 scriptores
530 1174 571 1255 5).
595 1171 643 1234 Er
655 1171 712 1234 hoc
724 1170 902 1236 Plutarchus
935 1172 1079 1236 Catonem
1094 1171 1249 1236 censuisse

141 1281 249 1358 refert,
266 1265 420 1345 Caesarem
443 1278 575 1343 barbaris
594 1302 658 1344 esse
682 1280 862 1346 tradendum
877 1285 917 1367 6).
941 1281 1028 1345 Idem
1043 1282 1199 1367 Appianus
1216 1280 1249 1343 in

143 1389 317 1474 fragmentis
330 1389 367 1452 de
384 1387 473 1452 rebus
491 1389 615 1453 Gallicis
635 1397 752 1468 narrat,
765 1391 817 1454 sed
834 1391 962 1454 auctoris
978 1412 1087 1454 nomen
1099 1389 1249 1472 reticetl).

142 1500 310 1562 Tanusium
324 1499 411 1562 innui
430 1498 556 1562 dubium
571 1507 697 1564 nonest
715 1503 755 1584 8).
779 1500 863 1564 Num
887 1507 987 1565 tamen
1010 1499 1142 1564 ciusdem
1158 1521 1248 1562 anna-

143 1609 187 1672 les
211 1609 243 1672 in
266 1607 415 1672 bcHorum
439 1609 572 1672 civilium
595 1609 720 1672 historia
743 1609 932 1695 usurpaverit
947 1609 1121 1695 Appianae,
1138 1607 1256 1672 decerni

144 1740 208 1781 non
231 1724 346 1803 potest,
363 1719 418 1781 etsi
434 1718 537 1796 fateor,
553 1718 585 1781 id
601 1719 675 1781 mihi
691 1719 859 1803 reputanti,
875 1719 1049 1805 Appianum
1073 1719 1160 1782 etiam
1184 1715 1256 1781 alibi

146 1827 184 1890 ad
208 1849 277 1890 eum
300 1828 477 1905 recurrisse,
497 1827 570 1890 satis
594 1827 751 1892 verisimile
767 1828 870 1892 videri.
918 1829 1015 1909 Quale
1031 1851 1108 1915 opus
1131 1829 1175 1892 M.
1198 1832 1256 1893 Ac·

146 1940 241 2004 torius
264 1937 348 2000 Naso
373 1937 552 2013 condiderit,
576 1938 744 2001 nescimus:
769 1959 872 2001 verum
896 1960 966 2001 eum
988 1939 1020 2001 in
1044 1938 1256 2002 detrimentum

148 2048 281 2112 Caesaris
304 2047 476 2131 scripsisse,
508 2069 524 2108 e
559 2046 701 2109 Suetonio
728 2052 809 2131 patet
826 2049 866 2131 9).
913 2046 1021 2133 Neque
1050 2049 1084 2112 Τ.
1107 2047 1254 2132 Ampium

149 2157 267 2222 Caesari
290 2156 446 2221 scribendo
470 2155 879 2240 lavissc,idemdocet10),
904 2158 1038 2242 quamvis
1062 2155 1132 2220 libri
1146 2157 1255 2220 titulus

150 2275 180 2332 et
206 2273 416 2351 argumentum
442 2288 535 2350 aeque
553 2263 680 2329 obscura
703 2266 772 2329 sint.
804 2264 909 2330 Plures
925 2266 1046 2331 tandem
1056 2267 1148 2331 libros
1166 2267 1261 2331 edidit

151 2379 191 2458 Q.
224 2375 398 2454 Tubero,e
430 2373 540 2458 quibus
570 2374 631 2437 huc
662 2375 791 2459 pertinet
825 2374 965 2454 historia,
999 2374 1069 2440 inde
1104 2376 1141 2440 ab
1176 2375 1260 2440 urbis

151 2485 322 2572 primordiis
350 2483 388 2547 ad
412 2505 465 2547 sua
492 2504 589 2568 usque
610 2490 745 2570 tempora
760 2483 890 2547 deducta
903 2487 965 2569 11).

255 2594 368 2658 Omnes
391 2592 424 2657 hi
446 2593 604 2679 scriptores
628 2615 692 2671 res,
724 2592 895 2677 dequibus
927 2594 1093 2679 loquimur,
1125 2617 1259 2681 respexe-

153 2712 241 2784 runt,
264 2712 294 2769 ct
317 2728 335 2768 a
357 2704 500 2768 Suetonio
516 2704 549 2767 in
572 2703 632 2767 vita
648 2702 780 2767 Caesaris
797 2702 972 2781 laudantur,
988 2703 1129 2766 nonnulli
1152 2705 1262 2782 ctiam,

154 2818 200 2880 nti
224 2815 268 2879 M.
292 2815 405 2879 Brutus
425 2816 477 2898 12)
499 2819 529 2876 et
545 2813 711 2889 Tanusius,
735 2811 940 2877 aPlutarcho.
965 2813 1100 2898 Excepto
1124 2835 1193 2877 vero
1217 2815 1263 2879 M.

155 2929 252 2992 Bruto
276 2947 327 2988 eos
351 2923 388 2988 ab
420 2923 558 3010 Appiano
589 2921 712 2986 collatos
737 2945 801 2986 esse
832 2920 942 2986 nullibi
965 2930 1103 3008 apparet,
1128 2924 1263 3008 quamvis
1340 2986 1346 2995 ,

156 3056 382 3120 nonnumquam
396 3033 533 3097 idoneam
550 3029 734 3096 occasionem
750 3031 872 3098 haberet
894 3054 945 3097 eos
961 3032 1164 3111 memorandi,
1182 3031 1264 3117 quod

157 3171 185 3213 v.
209 3169 234 3212 c.
257 3145 295 3210 de
318 3142 429 3209 Bibulo
453 3143 532 3207 valet
549 3145 614 3228 13).
640 3143 700 3207 Sed
724 3143 795 3228 quia
817 3143 989 3228 Appianum
1013 3143 1131 3208 Caesari
1155 3140 1262 3234 nonni·

158 3258 203 3322 hil
225 3255 332 3319 favisse
354 3253 431 3317 infra
461 3251 607 3338 liquebit,
631 3252 717 3317 facile
739 3252 922 3339 putaverim,
946 3274 1015 3318 eum
1037 3275 1099 3316 non
1130 3251 1265 3316 multae

159 3363 296 3452 plurimis
321 3385 425 3427 eorum
448 3361 647 3449 exscripsisse.
695 3361 788 3444 Quod
811 3384 846 3426 eo
870 3360 1022 3426 lubentius
1059 3362 1169 3441 credo,
1193 3382 1265 3446 quo·

160 3476 281 3540 nieme
313 3471 456 3536 Suetonio
488 3471 650 3549 discimus,
679 3470 837 3556 plerosque
866 3469 1052 3535 obtrectandi
1082 3471 1183 3536 studio
1211 3491 1268 3533 sua

161 3585 272 3671 scripta
295 3583 496 3668 composuisse
521 3589 745 3666 ceterorumque
761 3581 871 3668 scripta
894 3581 932 3646 ad
956 3580 1110 3647 historiam
1124 3586 1202 3645 recte
1224 3578 1268 3642 in·

161 3694 355 3780 telligendam
378 3715 485 3779 parum
507 3692 654 3778 profuisse
678 3713 793 3756 consec.

199 3804 222 3863 1)
257 3803 328 3868 App.
345 3801 401 3850 122.
472 3801 496 3861 2)
532 3798 646 3849 Ciacd
662 3799 833 3860 Arr.xv,1.
918 3800 921 3806 ⁴

199 3887 223 3948 3)
258 3889 330 3951 App.
350 3883 405 3936 137.
476 3887 502 3944 4)
537 3884 618 3933 Suct.
639 3882 767 3934 Cocs.73.

200 3975 224 4033 ὅ)
259 3972 303 4020 eff.
322 3970 402 4017 Suet.
420 3968 456 4017 ed.
476 3967 584 4017 Oudend.
608 3967 729 4028 Cacs93
764 3967 1002 4034 Schweiger,p.
1022 3970 1044 4018 9.

199 4059 224 4117 6)
259 4055 339 4104 Plnt.
360 4052 427 4104 Caes.
446 4053 486 4102 22.
556 4051 581 4115 7)
615 4055 687 4119 App.
697 4055 794 4126 fragm.
813 4052 842 4102 dc
861 4056 909 4105 rab.
933 4053 1000 4106 Gall.
1019 4054 1060 4102 18.

200 4143 224 4201 8)
259 4137 429 4202 Schweigh.
448 4135 483 4186 ad
498 4136 566 4202 App.
583 4138 600 4186 l.
619 4138 635 4187 l.
737 4140 762 4199 9)
797 4138 878 4200 Suet.
903 4137 1081 4196 Cocs.9,52.

201 4227 242 4286 10)
259 4224 321 4272 Ibid.
340 4220 379 4272 77.
416 4223 456 4282 11)
474 4223 540 4270 Liv.
559 4221 606 4281 IV,
626 4222 761 4271 23.Suet.
782 4221 850 4272 Caes.
869 4224 944 4272 83.-
956 4220 1129 4271 Cffilrachm.
1154 4216 1184 4266 cle
1196 4218 1270 4281 soar.

168 4311 224 4362 Lio.
244 4310 336 4358 Comm.
355 4309 380 4365 I,
398 4324 422 4371 p.
437 4308 469 4355 40
488 4310 511 4355 et
529 4306 712 4370 Schweigcr,
730 4322 754 4370 p.
769 4306 807 4355 10.
913 4306 953 4366 12)
988 4305 1120 4375 Haereat,
1130 4319 1160 4377 p
1179 4302 1236 4350 123.

203 4390 493 4458 13)npp.a‚10sq.
1039 4384 1068 4419 ’Ὗ
