<?xml version="1.0" encoding="UTF-8"?>
<!DOCTYPE html PUBLIC "-//W3C//DTD XHTML 1.0 Transitional//EN"
    "http://www.w3.org/TR/xhtml1/DTD/xhtml1-transitional.dtd">
<html xmlns="http://www.w3.org/1999/xhtml" xml:lang="en" lang="en">
 <head>
  <title>
</title>
<meta http-equiv="Content-Type" content="text/html;charset=utf-8" />
  <meta name='ocr-system' content='tesseract 3.04.00' />
  <meta name='ocr-capabilities' content='ocr_page ocr_carea ocr_par ocr_line ocrx_word'/>
</head>
<body>
  <div class='ocr_page' id='page_1' title='image "./defideetauctori00wijngoog_0061.png"; bbox 0 0 2790 5152; ppageno 0'>
   <div class='ocr_carea' id='block_1_1' title="bbox 648 314 693 376">
    <p class='ocr_par' dir='ltr' id='par_1_1' title="bbox 648 314 693 376">
     <span class='ocr_line' id='line_1_1' title="bbox 648 314 693 376; baseline 0.044 -2"><span class='ocrx_word' id='word_1_1' title='bbox 648 314 693 376; x_wconf 78' lang='lat'>48</span> 
     </span>
    </p>
   </div>
   <div class='ocr_carea' id='block_1_2' title="bbox 63 511 1328 3563">
    <p class='ocr_par' dir='ltr' id='par_1_2' title="bbox 63 511 1249 1674">
     <span class='ocr_line' id='line_1_2' title="bbox 135 511 1249 599; baseline 0.005 -23"><span class='ocrx_word' id='word_1_2' title='bbox 135 513 225 576; x_wconf 91' lang='lat' dir='ltr'>dusio</span> <span class='ocrx_word' id='word_1_3' title='bbox 251 514 391 589; x_wconf 83' lang='lat' dir='ltr'>solvisse,</span> <span class='ocrx_word' id='word_1_4' title='bbox 415 512 520 595; x_wconf 87' lang='lat' dir='ltr'>longas</span> <span class='ocrx_word' id='word_1_5' title='bbox 537 511 617 574; x_wconf 90' lang='lat' dir='ltr'>cnim</span> <span class='ocrx_word' id='word_1_6' title='bbox 641 511 758 574; x_wconf 74' lang='lat' dir='ltr'>Siciliae</span> <span class='ocrx_word' id='word_1_7' title='bbox 783 511 996 596; x_wconf 77' lang='lat' dir='ltr'>Sardiniaeque</span> <span class='ocrx_word' id='word_1_8' title='bbox 1012 515 1160 599; x_wconf 91' lang='lat' dir='ltr'>pracsidio</span> <span class='ocrx_word' id='word_1_9' title='bbox 1185 519 1249 582; x_wconf 89' lang='lat' dir='ltr'>reli·</span> 
     </span>
     <span class='ocr_line' id='line_1_3' title="bbox 130 621 1248 707; baseline 0.005 -21"><span class='ocrx_word' id='word_1_10' title='bbox 130 624 302 707; x_wconf 76' lang='lat' dir='ltr'>quisset),</span> <span class='ocrx_word' id='word_1_11' title='bbox 327 621 462 705; x_wconf 90' lang='lat' dir='ltr'>quamvis</span> <span class='ocrx_word' id='word_1_12' title='bbox 488 621 720 683; x_wconf 88' lang='lat' dir='ltr'>commentarius</span> <span class='ocrx_word' id='word_1_13' title='bbox 752 621 910 706; x_wconf 89' lang='lat' dir='ltr'>perspicue</span> <span class='ocrx_word' id='word_1_14' title='bbox 934 623 1057 701; x_wconf 89' lang='lat' dir='ltr'>doceat,</span> <span class='ocrx_word' id='word_1_15' title='bbox 1082 625 1170 689; x_wconf 91' lang='lat' dir='ltr'>illum</span> <span class='ocrx_word' id='word_1_16' title='bbox 1194 628 1248 692; x_wconf 90' lang='lat' dir='ltr'>du·</span> 
     </span>
     <span class='ocr_line' id='line_1_4' title="bbox 129 730 1244 820; baseline 0.003 -23"><span class='ocrx_word' id='word_1_17' title='bbox 129 735 246 797; x_wconf 89' lang='lat' dir='ltr'>odecim</span> <span class='ocrx_word' id='word_1_18' title='bbox 278 755 367 795; x_wconf 91' lang='lat' dir='ltr'>naves</span> <span class='ocrx_word' id='word_1_19' title='bbox 395 730 501 815; x_wconf 88' lang='lat' dir='ltr'>longas</span> <span class='ocrx_word' id='word_1_20' title='bbox 527 753 627 794; x_wconf 92' lang='lat' dir='ltr'>seeum</span> <span class='ocrx_word' id='word_1_21' title='bbox 651 730 832 812; x_wconf 69' lang='lat' dir='ltr'>duxisset).</span> <span class='ocrx_word' id='word_1_22' title='bbox 887 731 1046 816; x_wconf 88' lang='lat' dir='ltr'>Perpcram</span> <span class='ocrx_word' id='word_1_23' title='bbox 1079 734 1244 820; x_wconf 90' lang='lat' dir='ltr'>Appianas</span> 
     </span>
     <span class='ocr_line' id='line_1_5' title="bbox 63 839 1246 926; baseline 0.003 -21"><span class='ocrx_word' id='word_1_24' title='bbox 63 847 68 858; x_wconf 84' lang='lat'>‘</span> <span class='ocrx_word' id='word_1_25' title='bbox 127 844 235 920; x_wconf 78' lang='lat' dir='ltr'>tradit,</span> <span class='ocrx_word' id='word_1_26' title='bbox 261 841 437 926; x_wconf 90' lang='lat' dir='ltr'>Pompeiam</span> <span class='ocrx_word' id='word_1_27' title='bbox 462 842 493 903; x_wconf 93' lang='lat' dir='ltr'>in</span> <span class='ocrx_word' id='word_1_28' title='bbox 517 863 621 924; x_wconf 88' lang='lat' dir='ltr'>pugna</span> <span class='ocrx_word' id='word_1_29' title='bbox 638 839 720 925; x_wconf 92' lang='lat' dir='ltr'>apud</span> <span class='ocrx_word' id='word_1_30' title='bbox 743 839 921 903; x_wconf 81' lang='lat' dir='ltr'>Pharsalum</span> <span class='ocrx_word' id='word_1_31' title='bbox 945 840 1075 926; x_wconf 87' lang='lat' dir='ltr'>priorem</span> <span class='ocrx_word' id='word_1_32' title='bbox 1093 843 1180 926; x_wconf 88' lang='lat' dir='ltr'>sigua</span> <span class='ocrx_word' id='word_1_33' title='bbox 1200 868 1246 909; x_wconf 91' lang='lat' dir='ltr'>ca-</span> 
     </span>
     <span class='ocr_line' id='line_1_6' title="bbox 127 949 1243 1039; baseline -0.001 -21"><span class='ocrx_word' id='word_1_34' title='bbox 127 977 197 1018; x_wconf 89' lang='lat' dir='ltr'>nere</span> <span class='ocrx_word' id='word_1_35' title='bbox 241 952 365 1016; x_wconf 90' lang='lat' dir='ltr'>iussisse</span> <span class='ocrx_word' id='word_1_36' title='bbox 383 952 437 1035; x_wconf 86' lang='grc'>3),</span> <span class='ocrx_word' id='word_1_37' title='bbox 482 951 564 1034; x_wconf 90' lang='lat' dir='ltr'>qnod</span> <span class='ocrx_word' id='word_1_38' title='bbox 600 973 669 1013; x_wconf 87' lang='lat' dir='ltr'>eum</span> <span class='ocrx_word' id='word_1_39' title='bbox 701 950 835 1014; x_wconf 84' lang='lat' dir='ltr'>Caesaris</span> <span class='ocrx_word' id='word_1_40' title='bbox 876 949 986 1014; x_wconf 91' lang='lat' dir='ltr'>diserto</span> <span class='ocrx_word' id='word_1_41' title='bbox 1021 953 1193 1017; x_wconf 90' lang='lat' dir='ltr'>testimonio</span> <span class='ocrx_word' id='word_1_42' title='bbox 1211 958 1243 1039; x_wconf 98' lang='grc'>4)</span> 
     </span>
     <span class='ocr_line' id='line_1_7' title="bbox 126 1041 1243 1152; baseline 0 -25"><span class='ocrx_word' id='word_1_43' title='bbox 126 1070 251 1149; x_wconf 87' lang='lat' dir='ltr'>pugnat.</span> <span class='ocrx_word' id='word_1_44' title='bbox 300 1062 438 1147; x_wconf 90' lang='lat' dir='ltr'>Denique</span> <span class='ocrx_word' id='word_1_45' title='bbox 458 1060 621 1144; x_wconf 89' lang='lat' dir='ltr'>Pompeius</span> <span class='ocrx_word' id='word_1_46' title='bbox 641 1041 727 1152; x_wconf 69' lang='lat' dir='ltr'>⁴apud</span> <span class='ocrx_word' id='word_1_47' title='bbox 752 1061 909 1124; x_wconf 85' lang='lat' dir='ltr'>Caesarem</span> <span class='ocrx_word' id='word_1_48' title='bbox 924 1059 962 1123; x_wconf 91' lang='lat' dir='ltr'>ab</span> <span class='ocrx_word' id='word_1_49' title='bbox 979 1062 1101 1125; x_wconf 86' lang='lat' dir='ltr'>Achilla</span> <span class='ocrx_word' id='word_1_50' title='bbox 1126 1070 1156 1127; x_wconf 89' lang='lat' dir='ltr'>et</span> <span class='ocrx_word' id='word_1_51' title='bbox 1171 1064 1243 1148; x_wconf 85' lang='lat' dir='ltr'>Sep-</span> 
     </span>
     <span class='ocr_line' id='line_1_8' title="bbox 127 1169 1243 1256; baseline 0.002 -22"><span class='ocrx_word' id='word_1_52' title='bbox 127 1172 213 1236; x_wconf 91' lang='lat' dir='ltr'>timio</span> <span class='ocrx_word' id='word_1_53' title='bbox 237 1173 410 1236; x_wconf 84' lang='lat' dir='ltr'>interfectus</span> <span class='ocrx_word' id='word_1_54' title='bbox 441 1193 505 1235; x_wconf 91' lang='lat' dir='ltr'>esse</span> <span class='ocrx_word' id='word_1_55' title='bbox 534 1170 628 1233; x_wconf 85' lang='lat' dir='ltr'>fertur</span> <span class='ocrx_word' id='word_1_56' title='bbox 646 1172 693 1254; x_wconf 85' lang='lat'>5),</span> <span class='ocrx_word' id='word_1_57' title='bbox 719 1192 808 1253; x_wconf 90' lang='lat' dir='ltr'>quem</span> <span class='ocrx_word' id='word_1_58' title='bbox 841 1192 858 1232; x_wconf 90' lang='lat' dir='ltr'>a</span> <span class='ocrx_word' id='word_1_59' title='bbox 889 1169 1051 1256; x_wconf 82' lang='lat' dir='ltr'>Septimio,</span> <span class='ocrx_word' id='word_1_60' title='bbox 1084 1171 1191 1236; x_wconf 89' lang='lat' dir='ltr'>deinde</span> <span class='ocrx_word' id='word_1_61' title='bbox 1226 1197 1243 1236; x_wconf 94' lang='lat' dir='ltr'>a</span> 
     </span>
     <span class='ocr_line' id='line_1_9' title="bbox 127 1277 1243 1365; baseline -0.001 -20"><span class='ocrx_word' id='word_1_62' title='bbox 127 1282 229 1345; x_wconf 86' lang='lat' dir='ltr'>ceteris</span> <span class='ocrx_word' id='word_1_63' title='bbox 262 1282 451 1345; x_wconf 86' lang='lat' dir='ltr'>vulneratum</span> <span class='ocrx_word' id='word_1_64' title='bbox 494 1281 585 1343; x_wconf 80' lang='lat' dir='ltr'>tradit</span> <span class='ocrx_word' id='word_1_65' title='bbox 616 1277 781 1365; x_wconf 89' lang='lat' dir='ltr'>Appianas</span> <span class='ocrx_word' id='word_1_66' title='bbox 802 1279 847 1364; x_wconf 88' lang='grc'>6).</span> <span class='ocrx_word' id='word_1_67' title='bbox 908 1278 1028 1359; x_wconf 71' lang='lat' dir='ltr'>Quibus</span> <span class='ocrx_word' id='word_1_68' title='bbox 1060 1282 1243 1365; x_wconf 81' lang='lat' dir='ltr'>argumentis</span> 
     </span>
     <span class='ocr_line' id='line_1_10' title="bbox 128 1388 1244 1479; baseline 0 -25"><span class='ocrx_word' id='word_1_69' title='bbox 128 1392 217 1479; x_wconf 91' lang='lat' dir='ltr'>plura</span> <span class='ocrx_word' id='word_1_70' title='bbox 255 1392 388 1455; x_wconf 89' lang='lat' dir='ltr'>eiusdem</span> <span class='ocrx_word' id='word_1_71' title='bbox 425 1390 543 1475; x_wconf 88' lang='lat' dir='ltr'>generis</span> <span class='ocrx_word' id='word_1_72' title='bbox 564 1391 593 1474; x_wconf 83' lang='lat'>7)</span> <span class='ocrx_word' id='word_1_73' title='bbox 626 1388 807 1474; x_wconf 84' lang='lat' dir='ltr'>probantia,</span> <span class='ocrx_word' id='word_1_74' title='bbox 839 1389 1015 1474; x_wconf 80' lang='lat' dir='ltr'>Appianum</span> <span class='ocrx_word' id='word_1_75' title='bbox 1047 1390 1107 1452; x_wconf 88' lang='lat' dir='ltr'>sive</span> <span class='ocrx_word' id='word_1_76' title='bbox 1137 1391 1244 1469; x_wconf 88' lang='lat' dir='ltr'>aliter,</span> 
     </span>
     <span class='ocr_line' id='line_1_11' title="bbox 125 1498 1242 1586; baseline -0.002 -22"><span class='ocrx_word' id='word_1_77' title='bbox 125 1501 188 1564; x_wconf 89' lang='lat' dir='ltr'>sive</span> <span class='ocrx_word' id='word_1_78' title='bbox 211 1502 312 1565; x_wconf 90' lang='lat' dir='ltr'>minus</span> <span class='ocrx_word' id='word_1_79' title='bbox 330 1503 451 1586; x_wconf 91' lang='lat' dir='ltr'>copiose</span> <span class='ocrx_word' id='word_1_80' title='bbox 466 1523 513 1564; x_wconf 92' lang='lat' dir='ltr'>res</span> <span class='ocrx_word' id='word_1_81' title='bbox 538 1499 751 1583; x_wconf 86' lang='lat' dir='ltr'>descripsisse,</span> <span class='ocrx_word' id='word_1_82' title='bbox 768 1499 894 1562; x_wconf 83' lang='lat' dir='ltr'>adiicere</span> <span class='ocrx_word' id='word_1_83' title='bbox 918 1498 999 1562; x_wconf 89' lang='lat' dir='ltr'>haud</span> <span class='ocrx_word' id='word_1_84' title='bbox 1014 1521 1165 1583; x_wconf 89' lang='lat' dir='ltr'>gravarer,</span> <span class='ocrx_word' id='word_1_85' title='bbox 1182 1500 1242 1562; x_wconf 92' lang='lat' dir='ltr'>nisi</span> 
     </span>
     <span class='ocr_line' id='line_1_12' title="bbox 124 1610 559 1674; baseline -0.002 -1"><span class='ocrx_word' id='word_1_86' title='bbox 124 1610 235 1674; x_wconf 89' lang='lat' dir='ltr'>modas</span> <span class='ocrx_word' id='word_1_87' title='bbox 259 1610 448 1674; x_wconf 87' lang='lat' dir='ltr'>adhibendus</span> <span class='ocrx_word' id='word_1_88' title='bbox 473 1615 559 1673; x_wconf 89' lang='lat' dir='ltr'>esset.</span> 
     </span>
    </p>

    <p class='ocr_par' dir='ltr' id='par_1_3' title="bbox 123 1716 1328 2555">
     <span class='ocr_line' id='line_1_13' title="bbox 226 1716 1240 1806; baseline -0.003 -22"><span class='ocrx_word' id='word_1_89' title='bbox 226 1721 359 1806; x_wconf 87' lang='lat' dir='ltr'>Propero</span> <span class='ocrx_word' id='word_1_90' title='bbox 395 1722 487 1806; x_wconf 86' lang='lat' dir='ltr'>igitur</span> <span class='ocrx_word' id='word_1_91' title='bbox 518 1720 558 1783; x_wconf 89' lang='lat' dir='ltr'>ad</span> <span class='ocrx_word' id='word_1_92' title='bbox 594 1743 628 1782; x_wconf 92' lang='lat' dir='ltr'>ca</span> <span class='ocrx_word' id='word_1_93' title='bbox 660 1719 935 1796; x_wconf 89' lang='lat' dir='ltr'>commemoranda,</span> <span class='ocrx_word' id='word_1_94' title='bbox 968 1742 1044 1802; x_wconf 88' lang='lat' dir='ltr'>quae</span> <span class='ocrx_word' id='word_1_95' title='bbox 1077 1716 1240 1804; x_wconf 81' lang='lat' dir='ltr'>Appianas</span> 
     </span>
     <span class='ocr_line' id='line_1_14' title="bbox 124 1828 1328 1917; baseline -0.002 -23"><span class='ocrx_word' id='word_1_96' title='bbox 124 1831 247 1916; x_wconf 89' lang='lat' dir='ltr'>quidem</span> <span class='ocrx_word' id='word_1_97' title='bbox 270 1838 418 1909; x_wconf 88' lang='lat' dir='ltr'>recenset,</span> <span class='ocrx_word' id='word_1_98' title='bbox 443 1830 496 1894; x_wconf 89' lang='lat' dir='ltr'>sed</span> <span class='ocrx_word' id='word_1_99' title='bbox 520 1829 601 1917; x_wconf 87' lang='lat' dir='ltr'>apud</span> <span class='ocrx_word' id='word_1_100' title='bbox 625 1829 779 1893; x_wconf 89' lang='lat' dir='ltr'>Caesarem</span> <span class='ocrx_word' id='word_1_101' title='bbox 809 1829 919 1892; x_wconf 83' lang='lat' dir='ltr'>frustra</span> <span class='ocrx_word' id='word_1_102' title='bbox 951 1836 1143 1913; x_wconf 87' lang='lat' dir='ltr'>quaerantur.</span> <span class='ocrx_word' id='word_1_103' title='bbox 1192 1828 1240 1892; x_wconf 90' lang='lat' dir='ltr'>Ita</span> <span class='ocrx_word' id='word_1_104' title='bbox 1326 1853 1328 1856; x_wconf 89' lang='lat'>·</span> 
     </span>
     <span class='ocr_line' id='line_1_15' title="bbox 124 1937 1240 2027; baseline -0.003 -23"><span class='ocrx_word' id='word_1_105' title='bbox 124 1942 288 2027; x_wconf 83' lang='lat' dir='ltr'>Appianas</span> <span class='ocrx_word' id='word_1_106' title='bbox 313 1941 402 2005; x_wconf 89' lang='lat' dir='ltr'>verba</span> <span class='ocrx_word' id='word_1_107' title='bbox 426 1940 496 2018; x_wconf 89' lang='lat' dir='ltr'>illa,</span> <span class='ocrx_word' id='word_1_108' title='bbox 529 1962 605 2025; x_wconf 89' lang='lat' dir='ltr'>quae</span> <span class='ocrx_word' id='word_1_109' title='bbox 634 1939 742 2003; x_wconf 88' lang='lat' dir='ltr'>Caesar</span> <span class='ocrx_word' id='word_1_110' title='bbox 774 1938 812 2001; x_wconf 89' lang='lat' dir='ltr'>ad</span> <span class='ocrx_word' id='word_1_111' title='bbox 842 1937 1028 2003; x_wconf 88' lang='lat' dir='ltr'>Rubiconem</span> <span class='ocrx_word' id='word_1_112' title='bbox 1062 1939 1240 2024; x_wconf 89' lang='lat' dir='ltr'>protulerit,</span> 
     </span>
     <span class='ocr_line' id='line_1_16' title="bbox 124 2047 1241 2135; baseline -0.003 -21"><span class='ocrx_word' id='word_1_113' title='bbox 124 2050 245 2115; x_wconf 84' lang='lat' dir='ltr'>exhibet</span> <span class='ocrx_word' id='word_1_114' title='bbox 277 2053 307 2135; x_wconf 85' lang='grc'>8)</span> <span class='ocrx_word' id='word_1_115' title='bbox 314 2079 323 2129; x_wconf 84' lang='lat'>3</span> <span class='ocrx_word' id='word_1_116' title='bbox 348 2049 494 2114; x_wconf 91' lang='lat' dir='ltr'>orationes</span> <span class='ocrx_word' id='word_1_117' title='bbox 510 2048 648 2134; x_wconf 89' lang='lat' dir='ltr'>Pompeii</span> <span class='ocrx_word' id='word_1_118' title='bbox 672 2056 702 2125; x_wconf 82' lang='lat' dir='ltr'>et</span> <span class='ocrx_word' id='word_1_119' title='bbox 730 2048 866 2114; x_wconf 84' lang='lat' dir='ltr'>Caesaris</span> <span class='ocrx_word' id='word_1_120' title='bbox 890 2047 993 2112; x_wconf 89' lang='lat' dir='ltr'>laudat</span> <span class='ocrx_word' id='word_1_121' title='bbox 1010 2050 1041 2131; x_wconf 87' lang='grc'>9)</span> <span class='ocrx_word' id='word_1_122' title='bbox 1048 2075 1057 2127; x_wconf 81' lang='grc'>;</span> <span class='ocrx_word' id='word_1_123' title='bbox 1086 2049 1166 2111; x_wconf 89' lang='lat' dir='ltr'>vocis</span> <span class='ocrx_word' id='word_1_124' title='bbox 1190 2071 1241 2111; x_wconf 91' lang='lat' dir='ltr'>no-</span> 
     </span>
     <span class='ocr_line' id='line_1_17' title="bbox 124 2157 1240 2245; baseline -0.002 -21"><span class='ocrx_word' id='word_1_125' title='bbox 124 2162 277 2239; x_wconf 91' lang='lat' dir='ltr'>tissimae,</span> <span class='ocrx_word' id='word_1_126' title='bbox 295 2183 353 2245; x_wconf 91' lang='lat' dir='ltr'>qua</span> <span class='ocrx_word' id='word_1_127' title='bbox 370 2157 483 2223; x_wconf 88' lang='lat' dir='ltr'>Caesar</span> <span class='ocrx_word' id='word_1_128' title='bbox 498 2157 728 2242; x_wconf 85' lang='lat' dir='ltr'>gubernatorem</span> <span class='ocrx_word' id='word_1_129' title='bbox 751 2157 784 2220; x_wconf 92' lang='lat' dir='ltr'>in</span> <span class='ocrx_word' id='word_1_130' title='bbox 809 2157 884 2220; x_wconf 90' lang='lat' dir='ltr'>mari</span> <span class='ocrx_word' id='word_1_131' title='bbox 908 2157 1065 2221; x_wconf 87' lang='lat' dir='ltr'>Adriatico</span> <span class='ocrx_word' id='word_1_132' title='bbox 1090 2158 1240 2222; x_wconf 86' lang='lat' dir='ltr'>allocutus</span> 
     </span>
     <span class='ocr_line' id='line_1_18' title="bbox 124 2267 1241 2352; baseline -0.002 -18"><span class='ocrx_word' id='word_1_133' title='bbox 124 2272 187 2348; x_wconf 90' lang='lat' dir='ltr'>sit,</span> <span class='ocrx_word' id='word_1_134' title='bbox 209 2271 345 2334; x_wconf 88' lang='lat' dir='ltr'>meminit</span> <span class='ocrx_word' id='word_1_135' title='bbox 364 2271 434 2352; x_wconf 73' lang='grc'>10),</span> <span class='ocrx_word' id='word_1_136' title='bbox 460 2268 533 2352; x_wconf 88' lang='lat' dir='ltr'>quid</span> <span class='ocrx_word' id='word_1_137' title='bbox 557 2276 700 2352; x_wconf 90' lang='lat' dir='ltr'>utraeque</span> <span class='ocrx_word' id='word_1_138' title='bbox 725 2268 803 2331; x_wconf 87' lang='lat' dir='ltr'>acies</span> <span class='ocrx_word' id='word_1_139' title='bbox 828 2267 911 2352; x_wconf 89' lang='lat' dir='ltr'>apud</span> <span class='ocrx_word' id='word_1_140' title='bbox 932 2267 1113 2331; x_wconf 75' lang='lat' dir='ltr'>Pharsalum</span> <span class='ocrx_word' id='word_1_141' title='bbox 1138 2292 1241 2333; x_wconf 89' lang='lat' dir='ltr'>secam</span> 
     </span>
     <span class='ocr_line' id='line_1_19' title="bbox 123 2375 1240 2466; baseline -0.002 -22"><span class='ocrx_word' id='word_1_142' title='bbox 123 2381 333 2466; x_wconf 88' lang='lat' dir='ltr'>reputaverint,</span> <span class='ocrx_word' id='word_1_143' title='bbox 350 2378 418 2442; x_wconf 84' lang='lat' dir='ltr'>fuse</span> <span class='ocrx_word' id='word_1_144' title='bbox 442 2379 631 2462; x_wconf 85' lang='lat' dir='ltr'>persequitur</span> <span class='ocrx_word' id='word_1_145' title='bbox 643 2381 704 2460; x_wconf 91' lang='grc'>11).</span> <span class='ocrx_word' id='word_1_146' title='bbox 730 2378 869 2460; x_wconf 71' lang='lat' dir='ltr'>Quomm</span> <span class='ocrx_word' id='word_1_147' title='bbox 882 2377 964 2442; x_wconf 89' lang='lat' dir='ltr'>-nihil</span> <span class='ocrx_word' id='word_1_148' title='bbox 984 2378 1066 2463; x_wconf 90' lang='lat' dir='ltr'>apud</span> <span class='ocrx_word' id='word_1_149' title='bbox 1080 2375 1240 2443; x_wconf 85' lang='lat' dir='ltr'>Caesarem</span> 
     </span>
     <span class='ocr_line' id='line_1_20' title="bbox 124 2470 590 2555; baseline -0.004 -1"><span class='ocrx_word' id='word_1_150' title='bbox 124 2485 254 2555; x_wconf 51' lang='lat' dir='ltr'>exstat(</span> <span class='ocrx_word' id='word_1_151' title='bbox 589 2470 590 2473; x_wconf 8' lang='grc' dir='ltr'><strong>Ἴ</strong></span> 
     </span>
    </p>

    <p class='ocr_par' dir='ltr' id='par_1_4' title="bbox 116 2597 1247 3563">
     <span class='ocr_line' id='line_1_21' title="bbox 225 2597 1238 2684; baseline -0.003 -19"><span class='ocrx_word' id='word_1_152' title='bbox 225 2597 388 2665; x_wconf 87' lang='lat' dir='ltr'>Caesarem</span> <span class='ocrx_word' id='word_1_153' title='bbox 405 2598 557 2684; x_wconf 87' lang='lat' dir='ltr'>excipiant</span> <span class='ocrx_word' id='word_1_154' title='bbox 580 2598 641 2662; x_wconf 90' lang='lat' dir='ltr'>duo</span> <span class='ocrx_word' id='word_1_155' title='bbox 666 2620 772 2684; x_wconf 89' lang='lat' dir='ltr'>opera,</span> <span class='ocrx_word' id='word_1_156' title='bbox 789 2620 918 2683; x_wconf 91' lang='lat' dir='ltr'>quoram</span> <span class='ocrx_word' id='word_1_157' title='bbox 941 2605 1152 2683; x_wconf 86' lang='lat' dir='ltr'>argumentum</span> <span class='ocrx_word' id='word_1_158' title='bbox 1168 2621 1238 2663; x_wconf 91' lang='lat' dir='ltr'>eam</span> 
     </span>
     <span class='ocr_line' id='line_1_22' title="bbox 121 2708 1241 2794; baseline 0 -21"><span class='ocrx_word' id='word_1_159' title='bbox 121 2710 337 2774; x_wconf 90' lang='lat' dir='ltr'>commentario</span> <span class='ocrx_word' id='word_1_160' title='bbox 361 2709 414 2773; x_wconf 91' lang='lat' dir='ltr'>illo</span> <span class='ocrx_word' id='word_1_161' title='bbox 440 2709 586 2786; x_wconf 91' lang='lat' dir='ltr'>cohaeret,</span> <span class='ocrx_word' id='word_1_162' title='bbox 612 2708 735 2794; x_wconf 90' lang='lat' dir='ltr'>perinde</span> <span class='ocrx_word' id='word_1_163' title='bbox 752 2731 786 2772; x_wconf 91' lang='lat' dir='ltr'>ae</span> <span class='ocrx_word' id='word_1_164' title='bbox 803 2709 870 2792; x_wconf 88' lang='lat' dir='ltr'>ipse</span> <span class='ocrx_word' id='word_1_165' title='bbox 894 2708 1020 2794; x_wconf 87' lang='lat' dir='ltr'>scriptor</span> <span class='ocrx_word' id='word_1_166' title='bbox 1043 2708 1241 2774; x_wconf 87' lang='lat' dir='ltr'>familiaritate</span> 
     </span>
     <span class='ocr_line' id='line_1_23' title="bbox 117 2816 1240 2904; baseline 0.004 -27"><span class='ocrx_word' id='word_1_167' title='bbox 117 2841 190 2882; x_wconf 84' lang='lat' dir='ltr'>eam</span> <span class='ocrx_word' id='word_1_168' title='bbox 215 2816 344 2882; x_wconf 81' lang='lat' dir='ltr'>Caesare</span> <span class='ocrx_word' id='word_1_169' title='bbox 361 2818 538 2882; x_wconf 85' lang='lat' dir='ltr'>coniunctas</span> <span class='ocrx_word' id='word_1_170' title='bbox 555 2825 626 2882; x_wconf 88' lang='lat' dir='ltr'>erat.</span> <span class='ocrx_word' id='word_1_171' title='bbox 650 2818 763 2882; x_wconf 87' lang='lat' dir='ltr'>Utrum</span> <span class='ocrx_word' id='word_1_172' title='bbox 778 2825 878 2882; x_wconf 90' lang='lat' dir='ltr'>autem</span> <span class='ocrx_word' id='word_1_173' title='bbox 894 2818 943 2881; x_wconf 89' lang='lat' dir='ltr'>hie</span> <span class='ocrx_word' id='word_1_174' title='bbox 962 2818 1090 2902; x_wconf 89' lang='lat' dir='ltr'>scriptor</span> <span class='ocrx_word' id='word_1_175' title='bbox 1107 2818 1240 2904; x_wconf 85' lang='lat' dir='ltr'>Oppius,</span> 
     </span>
     <span class='ocr_line' id='line_1_24' title="bbox 118 2926 1240 3012; baseline 0.001 -20"><span class='ocrx_word' id='word_1_176' title='bbox 118 2952 159 2992; x_wconf 91' lang='lat' dir='ltr'>an</span> <span class='ocrx_word' id='word_1_177' title='bbox 182 2928 317 3006; x_wconf 89' lang='lat' dir='ltr'>Hirtius,</span> <span class='ocrx_word' id='word_1_178' title='bbox 341 2950 379 2990; x_wconf 91' lang='lat' dir='ltr'>aa</span> <span class='ocrx_word' id='word_1_179' title='bbox 403 2926 481 2990; x_wconf 92' lang='lat' dir='ltr'>alius</span> <span class='ocrx_word' id='word_1_180' title='bbox 507 2927 628 3011; x_wconf 92' lang='lat' dir='ltr'>quidam</span> <span class='ocrx_word' id='word_1_181' title='bbox 651 2926 739 2991; x_wconf 90' lang='lat' dir='ltr'>nobis</span> <span class='ocrx_word' id='word_1_182' title='bbox 758 2928 880 3012; x_wconf 88' lang='lat' dir='ltr'>ignotus</span> <span class='ocrx_word' id='word_1_183' title='bbox 897 2927 986 2990; x_wconf 73' lang='lat' dir='ltr'>fiterit</span> <span class='ocrx_word' id='word_1_184' title='bbox 1005 2929 1076 3011; x_wconf 89' lang='grc'>12),</span> <span class='ocrx_word' id='word_1_185' title='bbox 1101 2950 1240 3012; x_wconf 86' lang='lat' dir='ltr'>quaerere</span> 
     </span>
     <span class='ocr_line' id='line_1_25' title="bbox 121 3033 1247 3121; baseline -0.001 -19"><span class='ocrx_word' id='word_1_186' title='bbox 121 3039 165 3101; x_wconf 94' lang='lat' dir='ltr'>nil</span> <span class='ocrx_word' id='word_1_187' title='bbox 189 3037 314 3115; x_wconf 88' lang='lat' dir='ltr'>attinet,</span> <span class='ocrx_word' id='word_1_188' title='bbox 332 3036 385 3100; x_wconf 88' lang='lat' dir='ltr'>sed</span> <span class='ocrx_word' id='word_1_189' title='bbox 401 3035 491 3100; x_wconf 88' lang='lat' dir='ltr'>nobis</span> <span class='ocrx_word' id='word_1_190' title='bbox 508 3036 763 3120; x_wconf 86' lang='lat' dir='ltr'>investigandum,</span> <span class='ocrx_word' id='word_1_191' title='bbox 780 3059 855 3100; x_wconf 90' lang='lat' dir='ltr'>nam</span> <span class='ocrx_word' id='word_1_192' title='bbox 872 3033 1037 3121; x_wconf 85' lang='lat' dir='ltr'>Appianas</span> <span class='ocrx_word' id='word_1_193' title='bbox 1053 3035 1124 3099; x_wconf 90' lang='lat' dir='ltr'>illos</span> <span class='ocrx_word' id='word_1_194' title='bbox 1141 3036 1247 3102; x_wconf 86' lang='lat' dir='ltr'>libros</span> 
     </span>
     <span class='ocr_line' id='line_1_26' title="bbox 119 3135 1238 3231; baseline -0.002 -20"><span class='ocrx_word' id='word_1_195' title='bbox 119 3148 287 3211; x_wconf 87' lang='lat' dir='ltr'>contulerit.</span> <span class='ocrx_word' id='word_1_196' title='bbox 335 3145 457 3209; x_wconf 91' lang='lat' dir='ltr'>Bellum</span> <span class='ocrx_word' id='word_1_197' title='bbox 493 3145 737 3210; x_wconf 81' lang='lat' dir='ltr'>Alexandrinam</span> <span class='ocrx_word' id='word_1_198' title='bbox 772 3152 833 3210; x_wconf 88' lang='lat' dir='ltr'>tam</span> <span class='ocrx_word' id='word_1_199' title='bbox 858 3135 987 3209; x_wconf 88' lang='lat' dir='ltr'>breviter</span> <span class='ocrx_word' id='word_1_200' title='bbox 1014 3144 1147 3208; x_wconf 90' lang='lat' dir='ltr'>absolvit</span> <span class='ocrx_word' id='word_1_201' title='bbox 1170 3148 1238 3231; x_wconf 94' lang='lat' dir='ltr'>Ap-</span> 
     </span>
     <span class='ocr_line' id='line_1_27' title="bbox 118 3254 1237 3344; baseline -0.002 -22"><span class='ocrx_word' id='word_1_202' title='bbox 118 3259 248 3344; x_wconf 88' lang='lat' dir='ltr'>pianas,</span> <span class='ocrx_word' id='word_1_203' title='bbox 274 3255 384 3340; x_wconf 90' lang='lat' dir='ltr'>quippe</span> <span class='ocrx_word' id='word_1_204' title='bbox 414 3254 533 3339; x_wconf 88' lang='lat' dir='ltr'>singula</span> <span class='ocrx_word' id='word_1_205' title='bbox 557 3256 589 3319; x_wconf 91' lang='lat' dir='ltr'>in</span> <span class='ocrx_word' id='word_1_206' title='bbox 619 3278 719 3319; x_wconf 89' lang='lat' dir='ltr'>rerum</span> <span class='ocrx_word' id='word_1_207' title='bbox 748 3255 1004 3340; x_wconf 88' lang='lat' dir='ltr'>Aegyptiaearum</span> <span class='ocrx_word' id='word_1_208' title='bbox 1040 3255 1165 3319; x_wconf 90' lang='lat' dir='ltr'>historia</span> <span class='ocrx_word' id='word_1_209' title='bbox 1185 3259 1237 3340; x_wconf 87' lang='grc'>13)</span> 
     </span>
     <span class='ocr_line' id='line_1_28' title="bbox 117 3364 1237 3451; baseline -0.003 -19"><span class='ocrx_word' id='word_1_210' title='bbox 117 3368 285 3432; x_wconf 87' lang='lat' dir='ltr'>accuratius</span> <span class='ocrx_word' id='word_1_211' title='bbox 302 3371 501 3443; x_wconf 86' lang='lat' dir='ltr'>tractaturus,</span> <span class='ocrx_word' id='word_1_212' title='bbox 517 3372 552 3429; x_wconf 94' lang='lat' dir='ltr'>ut</span> <span class='ocrx_word' id='word_1_213' title='bbox 570 3389 645 3451; x_wconf 91' lang='lat' dir='ltr'>opus</span> <span class='ocrx_word' id='word_1_214' title='bbox 671 3367 709 3430; x_wconf 89' lang='lat' dir='ltr'>de</span> <span class='ocrx_word' id='word_1_215' title='bbox 727 3365 807 3430; x_wconf 83' lang='lat' dir='ltr'>bello</span> <span class='ocrx_word' id='word_1_216' title='bbox 823 3366 970 3430; x_wconf 82' lang='lat' dir='ltr'>Africano</span> <span class='ocrx_word' id='word_1_217' title='bbox 988 3365 1014 3429; x_wconf 91' lang='lat' dir='ltr'>ei</span> <span class='ocrx_word' id='word_1_218' title='bbox 1030 3364 1080 3429; x_wconf 82' lang='lat' dir='ltr'>hle</span> <span class='ocrx_word' id='word_1_219' title='bbox 1099 3389 1161 3430; x_wconf 92' lang='lat' dir='ltr'>non</span> <span class='ocrx_word' id='word_1_220' title='bbox 1177 3389 1237 3430; x_wconf 90' lang='lat' dir='ltr'>ma·</span> 
     </span>
     <span class='ocr_line' id='line_1_29' title="bbox 116 3475 1237 3563; baseline -0.002 -22"><span class='ocrx_word' id='word_1_221' title='bbox 116 3501 177 3563; x_wconf 85' lang='lat' dir='ltr'>gno</span> <span class='ocrx_word' id='word_1_222' title='bbox 191 3476 261 3542; x_wconf 90' lang='lat' dir='ltr'>usui</span> <span class='ocrx_word' id='word_1_223' title='bbox 278 3475 373 3540; x_wconf 88' lang='lat' dir='ltr'>faisse</span> <span class='ocrx_word' id='word_1_224' title='bbox 380 3525 390 3554; x_wconf 96' lang='lat'>,</span> <span class='ocrx_word' id='word_1_225' title='bbox 407 3475 506 3560; x_wconf 86' lang='lat' dir='ltr'>quivis</span> <span class='ocrx_word' id='word_1_226' title='bbox 526 3476 713 3541; x_wconf 89' lang='lat' dir='ltr'>intellexerit.</span> <span class='ocrx_word' id='word_1_227' title='bbox 738 3477 784 3542; x_wconf 89' lang='lat' dir='ltr'>At</span> <span class='ocrx_word' id='word_1_228' title='bbox 797 3476 942 3562; x_wconf 88' lang='lat' dir='ltr'>inspicere</span> <span class='ocrx_word' id='word_1_229' title='bbox 955 3475 1043 3540; x_wconf 90' lang='lat' dir='ltr'>illum</span> <span class='ocrx_word' id='word_1_230' title='bbox 1058 3475 1169 3540; x_wconf 92' lang='lat' dir='ltr'>librum</span> <span class='ocrx_word' id='word_1_231' title='bbox 1185 3499 1237 3562; x_wconf 93' lang='lat' dir='ltr'>po-</span> 
     </span>
    </p>
   </div>
   <div class='ocr_carea' id='block_1_3' title="bbox 115 3701 1233 4105">
    <p class='ocr_par' dir='ltr' id='par_1_5' title="bbox 168 3701 775 3768">
     <span class='ocr_line' id='line_1_30' title="bbox 168 3701 775 3768; baseline 0 -16"><span class='ocrx_word' id='word_1_232' title='bbox 168 3705 191 3765; x_wconf 85' lang='lat'>1)</span> <span class='ocrx_word' id='word_1_233' title='bbox 227 3705 299 3768; x_wconf 88' lang='lat' dir='ltr'>App.</span> <span class='ocrx_word' id='word_1_234' title='bbox 319 3704 358 3750; x_wconf 90' lang='grc'>54.</span> <span class='ocrx_word' id='word_1_235' title='bbox 429 3703 452 3761; x_wconf 88' lang='grc'>2)</span> <span class='ocrx_word' id='word_1_236' title='bbox 492 3701 775 3760; x_wconf 75' lang='lat' dir='ltr'>Caes.l›.c.III‚&#39;l.</span> 
     </span>
    </p>

    <p class='ocr_par' dir='ltr' id='par_1_6' title="bbox 166 3785 920 3852">
     <span class='ocr_line' id='line_1_31' title="bbox 166 3785 920 3852; baseline 0.001 -17"><span class='ocrx_word' id='word_1_237' title='bbox 166 3790 191 3848; x_wconf 88' lang='lat'>3)</span> <span class='ocrx_word' id='word_1_238' title='bbox 228 3789 301 3852; x_wconf 91' lang='lat' dir='ltr'>App.</span> <span class='ocrx_word' id='word_1_239' title='bbox 322 3785 361 3837; x_wconf 84' lang='lat'>78.</span> <span class='ocrx_word' id='word_1_240' title='bbox 379 3812 414 3822; x_wconf 83' lang='lat'>-</span> <span class='ocrx_word' id='word_1_241' title='bbox 432 3787 468 3834; x_wconf 83' lang='lat' dir='ltr'>cf.</span> <span class='ocrx_word' id='word_1_242' title='bbox 486 3787 590 3834; x_wconf 89' lang='lat' dir='ltr'>Drum.</span> <span class='ocrx_word' id='word_1_243' title='bbox 610 3786 665 3845; x_wconf 87' lang='grc' dir='ltr'>ΙΙΙ,</span> <span class='ocrx_word' id='word_1_244' title='bbox 685 3804 709 3852; x_wconf 88' lang='lat' dir='ltr'>p.</span> <span class='ocrx_word' id='word_1_245' title='bbox 730 3788 792 3846; x_wconf 88' lang='lat'>513,</span> <span class='ocrx_word' id='word_1_246' title='bbox 811 3791 860 3836; x_wconf 91' lang='lat' dir='ltr'>not.</span> <span class='ocrx_word' id='word_1_247' title='bbox 880 3789 920 3836; x_wconf 88' lang='lat'>38.</span> 
     </span>
    </p>

    <p class='ocr_par' dir='ltr' id='par_1_7' title="bbox 169 3871 1232 3936">
     <span class='ocr_line' id='line_1_32' title="bbox 169 3871 1232 3936; baseline -0.001 -16"><span class='ocrx_word' id='word_1_248' title='bbox 169 3875 194 3932; x_wconf 93' lang='grc'>4)</span> <span class='ocrx_word' id='word_1_249' title='bbox 232 3872 314 3919; x_wconf 86' lang='lat' dir='ltr'>Caes.</span> <span class='ocrx_word' id='word_1_250' title='bbox 334 3872 355 3918; x_wconf 85' lang='grc'>6.</span> <span class='ocrx_word' id='word_1_251' title='bbox 374 3887 393 3918; x_wconf 90' lang='lat' dir='ltr'>c.</span> <span class='ocrx_word' id='word_1_252' title='bbox 413 3871 533 3927; x_wconf 84' lang='lat'>111‚93.</span> <span class='ocrx_word' id='word_1_253' title='bbox 599 3872 623 3930; x_wconf 97' lang='grc'>5)</span> <span class='ocrx_word' id='word_1_254' title='bbox 659 3871 981 3931; x_wconf 75' lang='lat' dir='ltr'>caes.ac.111,]04.</span> <span class='ocrx_word' id='word_1_255' title='bbox 1051 3874 1075 3933; x_wconf 87' lang='grc'>6)</span> <span class='ocrx_word' id='word_1_256' title='bbox 1105 3872 1232 3936; x_wconf 74' lang='lat' dir='ltr'>Appr.</span> 
     </span>
    </p>

    <p class='ocr_par' dir='ltr' id='par_1_8' title="bbox 115 3952 1233 4105">
     <span class='ocr_line' id='line_1_33' title="bbox 168 3952 1233 4019; baseline -0.004 -14"><span class='ocrx_word' id='word_1_257' title='bbox 168 3954 192 4016; x_wconf 96' lang='grc'>7)</span> <span class='ocrx_word' id='word_1_258' title='bbox 227 3956 271 4003; x_wconf 84' lang='lat' dir='ltr'>Cff.</span> <span class='ocrx_word' id='word_1_259' title='bbox 296 3970 318 4002; x_wconf 87' lang='lat' dir='ltr'>v.</span> <span class='ocrx_word' id='word_1_260' title='bbox 338 3971 358 4002; x_wconf 93' lang='lat' dir='ltr'>c.</span> <span class='ocrx_word' id='word_1_261' title='bbox 386 3953 560 4017; x_wconf 86' lang='lat' dir='ltr'>Schweigh.</span> <span class='ocrx_word' id='word_1_262' title='bbox 578 3955 634 4011; x_wconf 90' lang='grc'>111,</span> <span class='ocrx_word' id='word_1_263' title='bbox 664 3971 687 4019; x_wconf 92' lang='lat' dir='ltr'>p.</span> <span class='ocrx_word' id='word_1_264' title='bbox 707 3952 756 4003; x_wconf 90' lang='grc'>752</span> <span class='ocrx_word' id='word_1_265' title='bbox 783 3955 813 4003; x_wconf 90' lang='lat' dir='ltr'>ad</span> <span class='ocrx_word' id='word_1_266' title='bbox 839 3973 859 4004; x_wconf 91' lang='lat' dir='ltr'>c.</span> <span class='ocrx_word' id='word_1_267' title='bbox 890 3958 922 4006; x_wconf 89' lang='grc'>66</span> <span class='ocrx_word' id='word_1_268' title='bbox 945 3960 969 4005; x_wconf 90' lang='lat' dir='ltr'>et</span> <span class='ocrx_word' id='word_1_269' title='bbox 997 3955 1106 4013; x_wconf 88' lang='lat' dir='ltr'>Peter,</span> <span class='ocrx_word' id='word_1_270' title='bbox 1131 3954 1233 4018; x_wconf 77' lang='lat' dir='ltr'>Zeittaf.</span> 
     </span>
     <span class='ocr_line' id='line_1_34' title="bbox 115 4037 647 4105; baseline -0.011 -17"><span class='ocrx_word' id='word_1_271' title='bbox 115 4057 137 4105; x_wconf 88' lang='lat' dir='ltr'>p.</span> <span class='ocrx_word' id='word_1_272' title='bbox 158 4037 219 4097; x_wconf 87' lang='grc'>177,</span> <span class='ocrx_word' id='word_1_273' title='bbox 238 4042 287 4086; x_wconf 92' lang='lat' dir='ltr'>not.</span> <span class='ocrx_word' id='word_1_274' title='bbox 307 4039 344 4086; x_wconf 83' lang='lat' dir='ltr'>hh.</span> <span class='ocrx_word' id='word_1_275' title='bbox 645 4049 647 4052; x_wconf 71' lang='grc'>’</span> 
     </span>
    </p>
   </div>
   <div class='ocr_carea' id='block_1_4' title="bbox 168 4120 1320 4188">
    <p class='ocr_par' dir='ltr' id='par_1_9' title="bbox 168 4120 1320 4188">
     <span class='ocr_line' id='line_1_35' title="bbox 168 4120 1320 4188; baseline 0.001 -17"><span class='ocrx_word' id='word_1_276' title='bbox 168 4125 192 4183; x_wconf 89' lang='grc'>8)</span> <span class='ocrx_word' id='word_1_277' title='bbox 227 4123 299 4186; x_wconf 89' lang='lat' dir='ltr'>App.</span> <span class='ocrx_word' id='word_1_278' title='bbox 320 4123 359 4170; x_wconf 81' lang='lat'>35.</span> <span class='ocrx_word' id='word_1_279' title='bbox 414 4122 438 4181; x_wconf 85' lang='grc'>9)</span> <span class='ocrx_word' id='word_1_280' title='bbox 468 4122 540 4186; x_wconf 90' lang='lat' dir='ltr'>App.</span> <span class='ocrx_word' id='word_1_281' title='bbox 561 4123 605 4179; x_wconf 86' lang='lat'>50,</span> <span class='ocrx_word' id='word_1_282' title='bbox 626 4123 731 4180; x_wconf 85' lang='grc'>51,53.</span> <span class='ocrx_word' id='word_1_283' title='bbox 785 4123 827 4182; x_wconf 90' lang='grc'>10)</span> <span class='ocrx_word' id='word_1_284' title='bbox 856 4121 986 4188; x_wconf 73' lang='grc' dir='ltr'>Α)1Ῑ1.57.</span> <span class='ocrx_word' id='word_1_285' title='bbox 1041 4123 1082 4181; x_wconf 92' lang='grc'>11)</span> <span class='ocrx_word' id='word_1_286' title='bbox 1100 4123 1172 4185; x_wconf 85' lang='lat' dir='ltr'>App.</span> <span class='ocrx_word' id='word_1_287' title='bbox 1193 4120 1232 4172; x_wconf 87' lang='grc'>77.</span> <span class='ocrx_word' id='word_1_288' title='bbox 1318 4157 1320 4162; x_wconf 89' lang='grc'>-</span> 
     </span>
    </p>
   </div>
   <div class='ocr_carea' id='block_1_5' title="bbox 113 4204 1231 4523">
    <p class='ocr_par' dir='ltr' id='par_1_10' title="bbox 151 4204 906 4270">
     <span class='ocr_line' id='line_1_36' title="bbox 151 4204 906 4270; baseline -0.001 -14"><span class='ocrx_word' id='word_1_289' title='bbox 151 4209 191 4267; x_wconf 73' lang='lat' dir='ltr'>la)</span> <span class='ocrx_word' id='word_1_290' title='bbox 228 4207 272 4254; x_wconf 86' lang='lat' dir='ltr'>Ctl&#39;.</span> <span class='ocrx_word' id='word_1_291' title='bbox 290 4207 389 4253; x_wconf 89' lang='lat' dir='ltr'>Drum.</span> <span class='ocrx_word' id='word_1_292' title='bbox 408 4205 464 4262; x_wconf 90' lang='lat' dir='ltr'>Ill,</span> <span class='ocrx_word' id='word_1_293' title='bbox 483 4223 506 4270; x_wconf 93' lang='lat' dir='ltr'>p.</span> <span class='ocrx_word' id='word_1_294' title='bbox 527 4204 574 4265; x_wconf 80' lang='lat'>76;</span> <span class='ocrx_word' id='word_1_295' title='bbox 593 4206 736 4263; x_wconf 69' lang='lat' dir='ltr'>Beni-11,</span> <span class='ocrx_word' id='word_1_296' title='bbox 754 4222 777 4270; x_wconf 86' lang='lat' dir='ltr'>p.</span> <span class='ocrx_word' id='word_1_297' title='bbox 796 4208 845 4264; x_wconf 88' lang='grc'>45,</span> <span class='ocrx_word' id='word_1_298' title='bbox 865 4209 906 4255; x_wconf 89' lang='grc'>46.</span> 
     </span>
    </p>

    <p class='ocr_par' dir='ltr' id='par_1_11' title="bbox 113 4304 1231 4523">
     <span class='ocr_line' id='line_1_37' title="bbox 150 4304 1231 4371; baseline -0.002 -16"><span class='ocrx_word' id='word_1_299' title='bbox 150 4309 191 4366; x_wconf 85' lang='grc'>13)</span> <span class='ocrx_word' id='word_1_300' title='bbox 226 4306 278 4354; x_wconf 89' lang='lat' dir='ltr'>Vid.</span> <span class='ocrx_word' id='word_1_301' title='bbox 298 4307 371 4370; x_wconf 85' lang='lat' dir='ltr'>App.</span> <span class='ocrx_word' id='word_1_302' title='bbox 391 4305 459 4354; x_wconf 82' lang='lat' dir='ltr'>Bell.</span> <span class='ocrx_word' id='word_1_303' title='bbox 483 4304 535 4355; x_wconf 80' lang='lat' dir='ltr'>Cia.</span> <span class='ocrx_word' id='word_1_304' title='bbox 554 4308 661 4365; x_wconf 84' lang='lat' dir='ltr'>11,ae;</span> <span class='ocrx_word' id='word_1_305' title='bbox 679 4307 768 4371; x_wconf 83' lang='lat' dir='ltr'>Pracf.</span> <span class='ocrx_word' id='word_1_306' title='bbox 788 4309 819 4355; x_wconf 93' lang='grc'>14</span> <span class='ocrx_word' id='word_1_307' title='bbox 829 4328 835 4365; x_wconf 86' lang='grc'><strong>;</strong></span> <span class='ocrx_word' id='word_1_308' title='bbox 869 4305 936 4356; x_wconf 85' lang='lat' dir='ltr'>Bell.</span> <span class='ocrx_word' id='word_1_309' title='bbox 957 4305 1043 4355; x_wconf 66' lang='lat' dir='ltr'>Mittin</span> <span class='ocrx_word' id='word_1_310' title='bbox 1073 4308 1136 4363; x_wconf 89' lang='grc'>114;</span> <span class='ocrx_word' id='word_1_311' title='bbox 1164 4305 1231 4355; x_wconf 78' lang='lat' dir='ltr'>Bell,</span> 
     </span>
     <span class='ocr_line' id='line_1_38' title="bbox 116 4389 1231 4456; baseline 0 -16"><span class='ocrx_word' id='word_1_312' title='bbox 116 4390 167 4441; x_wconf 81' lang='lat' dir='ltr'>Cia.</span> <span class='ocrx_word' id='word_1_313' title='bbox 186 4391 215 4448; x_wconf 93' lang='lat' dir='ltr'>I,</span> <span class='ocrx_word' id='word_1_314' title='bbox 235 4392 265 4448; x_wconf 76' lang='grc'>6,</span> <span class='ocrx_word' id='word_1_315' title='bbox 284 4391 318 4447; x_wconf 88' lang='lat' dir='ltr'>V,</span> <span class='ocrx_word' id='word_1_316' title='bbox 338 4391 360 4437; x_wconf 83' lang='lat'>1.</span> <span class='ocrx_word' id='word_1_317' title='bbox 387 4417 421 4425; x_wconf 86' lang='lat'>-</span> <span class='ocrx_word' id='word_1_318' title='bbox 452 4391 488 4438; x_wconf 81' lang='lat' dir='ltr'>cf.</span> <span class='ocrx_word' id='word_1_319' title='bbox 519 4391 695 4454; x_wconf 85' lang='lat' dir='ltr'>Schweigh.</span> <span class='ocrx_word' id='word_1_320' title='bbox 715 4391 834 4454; x_wconf 69' lang='lat' dir='ltr'>Exercit,</span> <span class='ocrx_word' id='word_1_321' title='bbox 853 4408 876 4455; x_wconf 89' lang='lat' dir='ltr'>p.</span> <span class='ocrx_word' id='word_1_322' title='bbox 905 4391 936 4439; x_wconf 85' lang='grc'>26</span> <span class='ocrx_word' id='word_1_323' title='bbox 946 4410 952 4448; x_wconf 76' lang='lat'><em>3</em></span> <span class='ocrx_word' id='word_1_324' title='bbox 971 4389 1006 4438; x_wconf 84' lang='lat' dir='ltr'>od</span> <span class='ocrx_word' id='word_1_325' title='bbox 1022 4390 1090 4455; x_wconf 82' lang='lat' dir='ltr'>App.</span> <span class='ocrx_word' id='word_1_326' title='bbox 1121 4391 1178 4450; x_wconf 87' lang='grc'>111,</span> <span class='ocrx_word' id='word_1_327' title='bbox 1208 4409 1231 4456; x_wconf 90' lang='lat' dir='ltr'>p.</span> 
     </span>
     <span class='ocr_line' id='line_1_39' title="bbox 113 4475 232 4523; baseline -0.008 0"><span class='ocrx_word' id='word_1_328' title='bbox 113 4475 232 4523; x_wconf 75' lang='lat' dir='ltr'>saa-895.</span> 
     </span>
    </p>
   </div>
   <div class='ocr_carea' id='block_1_6' title="bbox 0 0 1400 5152">
    <p class='ocr_par' dir='ltr' id='par_1_12' title="bbox 0 0 1400 5152">
     <span class='ocr_line' id='line_1_40' title="bbox 0 0 1400 5152; baseline 0 5"><span class='ocrx_word' id='word_1_329' title='bbox 0 0 1400 5152; x_wconf 95' lang='lat' dir='ltr'> </span> 
     </span>
    </p>
   </div>
  </div>
 </body>
</html>
