2790 5152
701 279 744 341 83

164 482 269 546 dicam.
310 479 395 543 More
419 476 538 562 Polybii
562 484 591 540 et
614 477 693 540 Livii
717 482 918 562 spectatorum
939 476 1069 540 virorum
1091 483 1218 541 mortem
1234 478 1279 540 in·

166 591 285 655 turdum
300 586 440 654 laudibus
464 585 657 671 prosequitur
680 587 857 671 Appianae,
882 586 919 649 cf.
943 585 980 650 de
996 566 1063 698 T'b.
1082 584 1216 650 Graccho
1232 590 1278 669 1),

167 700 204 764 de
228 701 324 765 Bruto
348 704 379 762 ct
401 698 504 761 Cossio
519 700 566 779 2),
591 697 627 759 dc
651 697 718 759 Sex.
742 696 886 781 Pompeio
901 698 941 778 3).
981 697 1140 760 Terrarum
1156 704 1185 760 et
1200 697 1279 762 hoco·

167 832 234 874 rum
257 807 513 892 descriptionum,
538 828 611 890 quas
635 827 697 869 non
722 828 838 891 semper
860 806 1017 890 praetermi
1030 807 1084 886 tit,
1099 813 1200 872 tamen
1215 832 1280 895 par·

169 941 238 982 cnm
261 940 326 982 esse
350 916 525 981 videbimus.
573 914 701 979 Nullam
725 915 838 979 omittit
873 916 1039 1000 graviorem
1071 919 1278 999 occasionem,

169 1028 243 1114 quin
278 1049 382 1091 causas
419 1032 449 1090 et
478 1024 602 1090 consilia
632 1025 754 1110 indaget
791 1030 991 1109 eventumque
1014 1049 1051 1090 ex
1074 1027 1111 1091 iis
1136 1028 1281 1094 deducere

168 1138 296 1203 studeat.
332 1136 433 1218 Quam
457 1135 563 1200 aeriter
586 1157 686 1199 rerum
711 1156 813 1198 causas
830 1135 992 1199 meditatus
1009 1135 1065 1214 sit,
1081 1136 1177 1202 multa
1193 1138 1281 1204 nobis

169 1251 325 1312 occurrent
346 1245 525 1310 testimonia.
573 1244 745 1309 Secundum
768 1267 862 1308 annos
886 1245 1007 1330 quidem
1030 1245 1185 1311 historiam
1208 1248 1282 1313 divi-

169 1379 235 1422 sam
258 1353 420 1420 conscribit
431 1381 440 1433 ;
465 1355 517 1418 sed
542 1377 637 1439 quum
659 1377 705 1418 res
730 1360 849 1439 gestae,
874 1377 950 1439 quae
975 1378 1011 1419 ex
1027 1377 1089 1420 uno
1107 1367 1283 1424 emanarunt

169 1469 274 1545 fonte,
310 1464 529 1550 chronologicis
557 1463 685 1528 vinculis
710 1465 840 1528 coerceri
862 1471 1028 1549 nequeant,
1052 1489 1113 1532 non
1137 1489 1203 1532 raro
1226 1469 1282 1547 fit,

170 1584 206 1641 ut
228 1597 327 1641 rerum
350 1574 451 1660 potius
476 1597 566 1659 quam
589 1575 730 1660 temporis
754 1575 899 1638 rationem
923 1573 1040 1640 habeat.

233 4464 259 4523 1)
295 4457 422 4513 nur,
446 4456 481 4506 ιτ.
552 4458 579 4521 a)
617 4453 650 4505 n.
675 4455 891 4518 (πωπω.
962 4457 990 4519 a)
1027 4456 1060 4508 n.
1083 4456 1165 4515 cv,
1188 4458 1241 4507 rra.

1093 4554 1134 4617 ot·

1351 508 1386 678 r
