2790 5152
654 272 718 336 116
744 286 747 291 ’

137 475 294 540 Octavium
317 479 347 538 et
368 471 404 537 L.
427 473 595 536 Antonium
619 471 764 535 exstiterit
774 471 825 554 1);
848 469 924 535 duas
940 477 1058 535 tantum
1073 476 1240 557 postremas

138 584 320 649 conditiones
343 581 470 646 foederis
499 580 577 644 inter
611 579 775 646 Octavium
798 585 828 642 et
849 578 885 643 L.
909 579 1076 644 Antonium
1110 579 1242 644 renovati

136 701 215 759 ratas
239 693 331 757 inisse
345 692 391 776 2);
427 690 573 775 quaedam
596 689 668 754 belli
682 689 828 753 -Perusini
851 689 981 752 facinora
994 691 1046 770 3);
1070 687 1179 772 legatio
1203 687 1241 751 ab

138 803 262 869 Octavio
286 801 323 866 ad
346 800 514 864 Antonium
536 800 629 864 missa
641 801 673 883 4)
679 825 689 878 3
711 796 746 863 L.
770 797 939 862 Antonium
954 796 991 861 ab
1008 796 1133 861 Octavio
1149 796 1243 861 hono

95 968 98 975 .
136 914 177 977 ris
206 911 302 997 specie
333 911 365 974 in
399 909 577 995 Hispaniam
608 908 778 994 ablegatum
808 929 872 971 asse
887 909 935 991 5);
967 907 1034 972 Sex.
1064 906 1243 992 Pompeium

138 1021 287 1087 Corsicam
311 1019 478 1106 possedisse
493 1021 534 1104 6).

239 1129 298 1194 Sed
329 1153 347 1194 a
380 1127 517 1215 pluribus
545 1127 618 1192 locis
642 1126 788 1191 eiusmodi
822 1125 976 1190 afferendis
1001 1124 1150 1205 abstineo,
1174 1124 1244 1209 quia

137 1238 313 1305 iamdudum
336 1236 416 1323 apud
438 1236 518 1300 viros
541 1235 646 1300 doctos
670 1239 806 1313 constat,
822 1234 996 1321 Appianum
1010 1234 1043 1298 in
1058 1233 1162 1298 multis
1178 1255 1244 1319 par·

137 1348 218 1420 tibus
241 1345 386 1411 librorum
410 1345 447 1409 de
469 1343 558 1409 bellis
583 1342 741 1421 civilibus,
774 1343 946 1429 praesertim
969 1343 1002 1406 in
1024 1342 1148 1407 historia
1171 1341 1243 1407 belli

138 1457 253 1522 socialis
288 1462 318 1520 et
348 1455 415 1520 Sex.
450 1453 586 1539 Pompeii
625 1453 798 1539 primarium
831 1459 981 1517 auctorem
1016 1474 1100 1530 esse,
1127 1474 1143 1516 e
1180 1472 1241 1535 quo

137 1588 237 1632 rerum
264 1570 416 1652 gestarum
445 1569 580 1628 accurata
611 1562 717 1628 notitia
741 1585 828 1649 saepe
852 1562 939 1627 unice
962 1561 1123 1649 repetenda
1146 1561 1186 1625 sit
1200 1561 1241 1645 7).

198 2917 224 2980 1)
258 2912 294 2965 Β.
316 2911 711 2973 c.v,1s‚es‚as,ls,ta.
781 2915 809 2978 a)
843 2911 964 2967 Ieiuno.

196 3001 225 3060 3)
258 2998 320 3048 Ibid.
340 2999 476 3047 31-3a.—
495 2997 895 3063 cf.nrum.1,p.4ot‚4os.
965 3003 992 3056 4)
1027 3000 1090 3052 Ibid.
1108 3003 1149 3054 60,

196 3085 224 3146 5)
258 3083 320 3132 Ibid.
340 3084 379 3132 54.
448 3081 476 3144 6)
511 3081 575 3131 ibid.
593 3079 950 3136 67.-cf.DornSeifs.
968 3089 1045 3152 p.18.

197 3168 225 3232 7)
261 3166 451 3216 Offiwachsm.
469 3164 557 3216 Erech.
575 3183 598 3216 a.
620 3164 711 3218 Graia:
729 3167 767 3217 die
784 3168 845 3218 aaa
863 3185 909 3220 von
926 3172 968 3221 der
980 3172 1121 3223 Geschichte
1132 3174 1174 3223 der
1186 3173 1248 3224 Biir·

144 3249 269 3315 gerlniege
293 3250 336 3310 hat
352 3249 390 3300 die
406 3249 504 3316 Mtugel
521 3253 561 3301 des
578 3251 679 3317 iibrigen
695 3249 742 3301 wol
761 3252 893 3303 iibersehcn
920 3252 1021 3305 lassen.”
1047 3282 1081 3295 -
1097 3257 1198 3307 Drum.
1216 3259 1246 3318 1,

146 3353 170 3400 p.
189 3337 237 3384 81:
272 3334 341 3393 „Wie
368 3333 425 3384 hein
448 3336 555 3385 Anderer
577 3339 647 3385 uuter
664 3337 755 3395 denen,
772 3336 863 3386 welche
878 3337 931 3389 hier
948 3339 973 3388 in
989 3340 1103 3390 Betraeht
1119 3339 1247 3401 hammon,

146 3420 189 3468 hat
205 3414 352 3484 Appian'die
370 3416 516 3469 Charaktere
533 3421 695 3470 durchschaut
710 3421 760 3470 und
776 3421 815 3470 die
831 3422 1027 3487 Euschoinnngen
1043 3425 1086 3474 auf
1100 3424 1153 3474 ihre
1165 3425 1251 3490 Quelle

147 3502 338 3566 zuriickgefiihrt.
354 3528 388 3540 -
405 3504 520 3552 Meistens
542 3503 651 3552 bewthrt
667 3520 693 3554 er
710 3505 755 3553 den
771 3505 844 3555 tielen
859 3505 1023 3556 Dsnker.'’—-
1039 3507 1137 3572 Egger
1154 3524 1178 3572 p.
1188 3509 1251 3557 256:

149 3587 223 3645 „Plus
240 3601 300 3635 nous
317 3600 433 3650 avencons
454 3586 511 3636 dans
528 3585 544 3634 l'
557 3586 656 3636 histoire
672 3588 713 3636 des
731 3602 827 3650 guerras
840 3588 937 3648 civiles,
954 3590 1008 3657 plus
1025 3589 1042 3638 l'
1054 3590 1201 3656 importunae
1219 3591 1251 3640 dn

149 3670 209 3721 rdcit
230 3672 252 3721 d'
262 3671 354 3736 Appien
371 3687 395 3718 se
418 3671 462 3719 fait
478 3671 559 3720 sentir.
577 3671 640 3720 Mais
657 3687 687 3720 eu
703 3672 781 3721 mtme
797 3677 875 3739 temps
892 3673 911 3722 il
929 3673 1023 3723 devient
1040 3675 1188 3740 quelquelois
1204 3675 1250 3723 inr-

149 3754 253 3820 possible
271 3756 293 3804 d'
302 3771 332 3805 en
347 3752 468 3805 'contidler
484 3752 635 3803 l’exactitnde
643 3771 687 3820 par
697 3755 722 3804 la
733 3758 899 3822 comparaison
910 3758 940 3806 de
950 3755 1023 3808 rdcits
1036 3759 1251 3830 contemporains,''

150 3842 175 3888 et
190 3855 215 3904 p.
232 3841 298 3888 311:
321 3837 373 3898 „‚Il
389 3840 441 3887 lant
458 3839 577 3888 vraiment
593 3837 685 3889 tcarter
701 3841 736 3890 les
753 3843 841 3905 grands
860 3843 987 3892 annalistae
1005 3842 1035 3892 de
1051 3844 1143 3902 Rome;
1171 3841 1254 3891 ilfaut

151 3923 244 3973 outlier
260 3922 323 3972 aussi
340 3920 496 3986 Thucydide,
514 3921 661 3989 Xenophon,
679 3939 739 3972 nous
757 3939 853 3975 oserous
866 3925 917 3975 dire
928 3927 1022 3993 Appien
1038 3926 1179 3986 lui-mdme,
1191 3942 1253 3992 pour

151 4023 277 4057 conserver
299 4005 313 4054 d
341 4006 405 4054 Dion
430 4006 526 4056 Cassius
550 4006 575 4055 la
600 4008 667 4072 place
694 4006 812 4057 eminente
835 4011 858 4058 et
880 4025 983 4076 presque
1000 4010 1111 4060 officielle
1129 4010 1201 4076 qu’on
1217 4010 1253 4058 lui

150 4091 254 4140 attribue
270 4091 353 4154 depuis
370 4090 390 4138 si
406 4089 541 4154 longtemps
558 4091 636 4155 parmi
651 4091 686 4140 les
703 4091 832 4141 historiens
851 4093 943 4157 grecs.”
960 4119 995 4138 -ν-
1019 4094 1106 4144 Dorn
1123 4094 1210 4143 Seiff.
1229 4111 1254 4158 p.

152 4177 200 4224 ld:
236 4173 299 4233 „Dio
316 4174 412 4222 Cassius
428 4173 536 4238 Appiano
553 4175 728 4240 posthabendas
747 4179 789 4225 est.
807 4201 841 4215 ·-
852 4175 946 4236 Multa,
965 4193 1025 4243 quae
1041 4177 1164 4242 Appianus
1181 4176 1255 4226 tradi·

153 4258 203 4316 dit,
221 4257 357 4306 autminus
374 4256 446 4315 benc,
456 4260 505 4306 ¹aut
518 4271 621 4322 'prorsas
638 4274 685 4307 non
702 4259 771 4308 uobis
789 4259 911 4324 reliquit.''
929 4286 963 4298 —
981 4260 1024 4309 Off.
1043 4273 1115 4324 porro
1133 4259 1214 4326 Egger
1230 4277 1255 4325 p.

153 4343 200 4391 305
225 4359 260 4405 sq.
284 4344 307 4390 et
328 4340 419 4389 Dora.
437 4341 523 4390 Sailf.
547 4358 570 4406 p.
590 4343 622 4390 14
639 4358 674 4407 sq.
693 4357 791 4393 examen
808 4347 958 4401 accuratum,
978 4358 1024 4406 quo
1051 4342 1167 4393 iudicium
1185 4360 1257 4394 suum

152 4426 181 4474 dc
198 4425 305 4489 Appiano
323 4427 346 4472 et
364 4423 392 4472 de
409 4424 486 4472 Dione
503 4425 673 4490 comprobant,
691 4425 849 4474 instituentes.
