<?xml version="1.0" encoding="UTF-8"?>
<!DOCTYPE html PUBLIC "-//W3C//DTD XHTML 1.0 Transitional//EN"
    "http://www.w3.org/TR/xhtml1/DTD/xhtml1-transitional.dtd">
<html xmlns="http://www.w3.org/1999/xhtml" xml:lang="en" lang="en">
 <head>
  <title>
</title>
<meta http-equiv="Content-Type" content="text/html;charset=utf-8" />
  <meta name='ocr-system' content='tesseract 3.04.00' />
  <meta name='ocr-capabilities' content='ocr_page ocr_carea ocr_par ocr_line ocrx_word'/>
</head>
<body>
  <div class='ocr_page' id='page_1' title='image "./defideetauctori00wijngoog_0035.png"; bbox 0 0 2790 5152; ppageno 0'>
   <div class='ocr_carea' id='block_1_1' title="bbox 705 253 748 316">
    <p class='ocr_par' dir='ltr' id='par_1_1' title="bbox 705 253 748 316">
     <span class='ocr_line' id='line_1_1' title="bbox 705 253 748 316; baseline -0.023 0"><span class='ocrx_word' id='word_1_1' title='bbox 705 253 748 316; x_wconf 79' lang='lat'><strong>22</strong></span> 
     </span>
    </p>
   </div>
   <div class='ocr_carea' id='block_1_2' title="bbox 139 446 1353 3717">
    <p class='ocr_par' dir='ltr' id='par_1_2' title="bbox 146 446 1353 2834">
     <span class='ocr_line' id='line_1_2' title="bbox 159 446 1277 538; baseline 0.004 -27"><span class='ocrx_word' id='word_1_2' title='bbox 159 448 203 534; x_wconf 25' lang='lat' dir='ltr'><strong>&#39;de</strong></span> <span class='ocrx_word' id='word_1_3' title='bbox 216 446 358 513; x_wconf 76' lang='lat' dir='ltr'><strong>Gracchis</strong></span> <span class='ocrx_word' id='word_1_4' title='bbox 374 451 521 538; x_wconf 89' lang='lat' dir='ltr'><strong>inprimis</strong></span> <span class='ocrx_word' id='word_1_5' title='bbox 534 455 664 536; x_wconf 78' lang='lat' dir='ltr'>agentes,</span> <span class='ocrx_word' id='word_1_6' title='bbox 679 448 766 514; x_wconf 92' lang='lat' dir='ltr'><strong>nobis</strong></span> <span class='ocrx_word' id='word_1_7' title='bbox 778 472 841 513; x_wconf 93' lang='lat' dir='ltr'><strong>non</strong></span> <span class='ocrx_word' id='word_1_8' title='bbox 848 450 1007 514; x_wconf 88' lang='lat' dir='ltr'><strong>verisimile</strong></span> <span class='ocrx_word' id='word_1_9' title='bbox 1021 451 1147 530; x_wconf 85' lang='lat' dir='ltr'><strong>videtur,</strong></span> <span class='ocrx_word' id='word_1_10' title='bbox 1161 449 1277 538; x_wconf 89' lang='lat' dir='ltr'><strong>Appia-</strong></span> 
     </span>
     <span class='ocr_line' id='line_1_3' title="bbox 166 537 1273 672; baseline 0.003 -51"><span class='ocrx_word' id='word_1_11' title='bbox 166 537 306 672; x_wconf 61' lang='lat' dir='ltr'><strong>nupmad</strong></span> <span class='ocrx_word' id='word_1_12' title='bbox 324 558 511 637; x_wconf 88' lang='lat' dir='ltr'><strong>Diodorum,</strong></span> <span class='ocrx_word' id='word_1_13' title='bbox 535 560 670 624; x_wconf 91' lang='lat' dir='ltr'><strong>animum</strong></span> <span class='ocrx_word' id='word_1_14' title='bbox 685 559 912 623; x_wconf 87' lang='lat' dir='ltr'><strong>infestissimum</strong></span> <span class='ocrx_word' id='word_1_15' title='bbox 928 561 959 623; x_wconf 91' lang='lat' dir='ltr'><strong>in</strong></span> <span class='ocrx_word' id='word_1_16' title='bbox 977 559 1130 624; x_wconf 84' lang='lat' dir='ltr'><strong>Gracchos</strong></span> <span class='ocrx_word' id='word_1_17' title='bbox 1147 561 1273 647; x_wconf 90' lang='lat' dir='ltr'><strong>proden-</strong></span> 
     </span>
     <span class='ocr_line' id='line_1_4' title="bbox 162 668 1277 754; baseline 0.003 -23"><span class='ocrx_word' id='word_1_18' title='bbox 162 672 225 732; x_wconf 85' lang='lat' dir='ltr'><strong>tem</strong></span> <span class='ocrx_word' id='word_1_19' title='bbox 236 671 275 751; x_wconf 84' lang='lat'><strong>1),</strong></span> <span class='ocrx_word' id='word_1_20' title='bbox 283 669 451 734; x_wconf 84' lang='lat' dir='ltr'><strong>recurrisse.</strong></span> <span class='ocrx_word' id='word_1_21' title='bbox 476 669 562 752; x_wconf 79' lang='lat' dir='ltr'><strong>Quae</strong></span> <span class='ocrx_word' id='word_1_22' title='bbox 580 670 727 735; x_wconf 88' lang='lat' dir='ltr'><strong>sententia</strong></span> <span class='ocrx_word' id='word_1_23' title='bbox 743 692 790 732; x_wconf 89' lang='lat' dir='ltr'><strong>me</strong></span> <span class='ocrx_word' id='word_1_24' title='bbox 807 669 904 733; x_wconf 89' lang='lat' dir='ltr'><strong>iudice</strong></span> <span class='ocrx_word' id='word_1_25' title='bbox 921 668 1153 754; x_wconf 85' lang='lat' dir='ltr'><strong>comprobatur,</strong></span> <span class='ocrx_word' id='word_1_26' title='bbox 1170 671 1195 734; x_wconf 89' lang='lat' dir='ltr'><strong>si</strong></span> <span class='ocrx_word' id='word_1_27' title='bbox 1219 671 1277 734; x_wconf 92' lang='lat' dir='ltr'><strong>hoc</strong></span> 
     </span>
     <span class='ocr_line' id='line_1_5' title="bbox 162 777 1276 864; baseline 0.002 -23"><span class='ocrx_word' id='word_1_28' title='bbox 162 777 318 856; x_wconf 87' lang='lat' dir='ltr'><strong>addidero,</strong></span> <span class='ocrx_word' id='word_1_29' title='bbox 334 779 499 863; x_wconf 86' lang='lat' dir='ltr'><strong>fragmenta</strong></span> <span class='ocrx_word' id='word_1_30' title='bbox 514 780 603 843; x_wconf 90' lang='lat' dir='ltr'><strong>etiam</strong></span> <span class='ocrx_word' id='word_1_31' title='bbox 618 777 691 842; x_wconf 91' lang='lat' dir='ltr'><strong>belli</strong></span> <span class='ocrx_word' id='word_1_32' title='bbox 707 779 823 842; x_wconf 87' lang='lat' dir='ltr'><strong>socialis</strong></span> <span class='ocrx_word' id='word_1_33' title='bbox 841 778 917 842; x_wconf 89' lang='lat' dir='ltr'>nihil</span> <span class='ocrx_word' id='word_1_34' title='bbox 938 779 998 842; x_wconf 87' lang='lat' dir='ltr'><strong>fere</strong></span> <span class='ocrx_word' id='word_1_35' title='bbox 1020 777 1176 857; x_wconf 88' lang='lat' dir='ltr'><strong>exhibere,</strong></span> <span class='ocrx_word' id='word_1_36' title='bbox 1195 779 1276 864; x_wconf 91' lang='lat' dir='ltr'><strong>quod</strong></span> 
     </span>
     <span class='ocr_line' id='line_1_6' title="bbox 162 882 1276 973; baseline 0.004 -25"><span class='ocrx_word' id='word_1_37' title='bbox 162 883 199 949; x_wconf 90' lang='lat' dir='ltr'><strong>ab</strong></span> <span class='ocrx_word' id='word_1_38' title='bbox 215 882 362 973; x_wconf 89' lang='lat' dir='ltr'><strong>Appiano</strong></span> <span class='ocrx_word' id='word_1_39' title='bbox 378 887 522 952; x_wconf 83' lang='lat' dir='ltr'><strong>tradatur.</strong></span> <span class='ocrx_word' id='word_1_40' title='bbox 552 887 763 953; x_wconf 86' lang='lat' dir='ltr'><strong>Praetermittit</strong></span> <span class='ocrx_word' id='word_1_41' title='bbox 784 887 863 951; x_wconf 89' lang='lat' dir='ltr'><strong>enim</strong></span> <span class='ocrx_word' id='word_1_42' title='bbox 878 887 943 965; x_wconf 90' lang='lat' dir='ltr'><strong>hic,</strong></span> <span class='ocrx_word' id='word_1_43' title='bbox 960 887 1042 972; x_wconf 92' lang='lat' dir='ltr'><strong>quod</strong></span> <span class='ocrx_word' id='word_1_44' title='bbox 1058 895 1205 952; x_wconf 88' lang='lat' dir='ltr'><strong>memorat</strong></span> <span class='ocrx_word' id='word_1_45' title='bbox 1222 890 1276 953; x_wconf 91' lang='lat' dir='ltr'><strong>Di-</strong></span> 
     </span>
     <span class='ocr_line' id='line_1_7' title="bbox 160 994 1274 1084; baseline 0.003 -27"><span class='ocrx_word' id='word_1_46' title='bbox 160 994 289 1060; x_wconf 79' lang='lat' dir='ltr'><strong>odonis:</strong></span> <span class='ocrx_word' id='word_1_47' title='bbox 301 997 513 1062; x_wconf 90' lang='lat' dir='ltr'><strong>iusiurandum</strong></span> <span class='ocrx_word' id='word_1_48' title='bbox 524 995 601 1062; x_wconf 91' lang='lat' dir='ltr'><strong>illud</strong></span> <span class='ocrx_word' id='word_1_49' title='bbox 614 997 745 1075; x_wconf 86' lang='lat' dir='ltr'><strong>celebre,</strong></span> <span class='ocrx_word' id='word_1_50' title='bbox 758 1001 855 1084; x_wconf 77' lang='grc' dir='ltr'><strong><em>ὅρκον</em></strong></span> <span class='ocrx_word' id='word_1_51' title='bbox 873 996 1042 1065; x_wconf 81' lang='grc' dir='ltr'><strong><em>Φιλίππου</em></strong></span> <span class='ocrx_word' id='word_1_52' title='bbox 1062 996 1274 1083; x_wconf 69' lang='lat' dir='ltr'><strong>appellatumd)</strong></span> 
     </span>
     <span class='ocr_line' id='line_1_8' title="bbox 158 1105 1274 1192; baseline 0.004 -27"><span class='ocrx_word' id='word_1_53' title='bbox 158 1110 247 1189; x_wconf 87' lang='lat' dir='ltr'><strong>atque</strong></span> <span class='ocrx_word' id='word_1_54' title='bbox 270 1105 398 1192; x_wconf 90' lang='lat' dir='ltr'><strong>primam</strong></span> <span class='ocrx_word' id='word_1_55' title='bbox 423 1106 496 1172; x_wconf 94' lang='lat' dir='ltr'><strong>belli</strong></span> <span class='ocrx_word' id='word_1_56' title='bbox 520 1105 640 1171; x_wconf 88' lang='lat' dir='ltr'><strong>Marsici</strong></span> <span class='ocrx_word' id='word_1_57' title='bbox 665 1127 799 1184; x_wconf 88' lang='lat' dir='ltr'><strong>causam,</strong></span> <span class='ocrx_word' id='word_1_58' title='bbox 828 1105 970 1169; x_wconf 92' lang='lat' dir='ltr'><strong>nimirum</strong></span> <span class='ocrx_word' id='word_1_59' title='bbox 999 1105 1081 1190; x_wconf 89' lang='lat' dir='ltr'><strong>quod</strong></span> <span class='ocrx_word' id='word_1_60' title='bbox 1105 1106 1232 1170; x_wconf 84' lang='lat' dir='ltr'><strong>Romani</strong></span> <span class='ocrx_word' id='word_1_61' title='bbox 1257 1130 1274 1169; x_wconf 89' lang='lat' dir='ltr'><strong>a</strong></span> 
     </span>
     <span class='ocr_line' id='line_1_9' title="bbox 156 1212 1274 1302; baseline -0.001 -24"><span class='ocrx_word' id='word_1_62' title='bbox 156 1212 267 1300; x_wconf 85' lang='lat' dir='ltr'><strong>frugali</strong></span> <span class='ocrx_word' id='word_1_63' title='bbox 282 1215 401 1281; x_wconf 82' lang='lat' dir='ltr'><strong>vivendi</strong></span> <span class='ocrx_word' id='word_1_64' title='bbox 416 1219 530 1281; x_wconf 86' lang='lat' dir='ltr'><strong>ratione</strong></span> <span class='ocrx_word' id='word_1_65' title='bbox 548 1217 586 1281; x_wconf 90' lang='lat' dir='ltr'><strong>ad</strong></span> <span class='ocrx_word' id='word_1_66' title='bbox 603 1215 754 1302; x_wconf 88' lang='lat' dir='ltr'><strong>perditum</strong></span> <span class='ocrx_word' id='word_1_67' title='bbox 774 1214 866 1278; x_wconf 88' lang='lat' dir='ltr'><strong>luxus</strong></span> <span class='ocrx_word' id='word_1_68' title='bbox 886 1214 1020 1278; x_wconf 90' lang='lat' dir='ltr'><strong>studium</strong></span> <span class='ocrx_word' id='word_1_69' title='bbox 1040 1214 1217 1278; x_wconf 84' lang='lat' dir='ltr'><strong>desciverint</strong></span> <span class='ocrx_word' id='word_1_70' title='bbox 1234 1216 1274 1295; x_wconf 89' lang='lat'><strong>3).</strong></span> 
     </span>
     <span class='ocr_line' id='line_1_10' title="bbox 156 1323 1269 1412; baseline -0.001 -25"><span class='ocrx_word' id='word_1_71' title='bbox 156 1323 230 1388; x_wconf 80' lang='lat' dir='ltr'><strong>Silet</strong></span> <span class='ocrx_word' id='word_1_72' title='bbox 253 1347 343 1410; x_wconf 91' lang='lat' dir='ltr'><strong>porro</strong></span> <span class='ocrx_word' id='word_1_73' title='bbox 368 1325 405 1390; x_wconf 91' lang='lat' dir='ltr'><strong>de</strong></span> <span class='ocrx_word' id='word_1_74' title='bbox 441 1333 547 1391; x_wconf 91' lang='lat' dir='ltr'><strong>senatu</strong></span> <span class='ocrx_word' id='word_1_75' title='bbox 571 1327 805 1412; x_wconf 85' lang='lat' dir='ltr'><strong>quingentorum</strong></span> <span class='ocrx_word' id='word_1_76' title='bbox 836 1325 971 1389; x_wconf 88' lang='lat' dir='ltr'><strong>virorum</strong></span> <span class='ocrx_word' id='word_1_77' title='bbox 1005 1323 1136 1388; x_wconf 88' lang='lat' dir='ltr'><strong>asociis</strong></span> <span class='ocrx_word' id='word_1_78' title='bbox 1161 1324 1269 1388; x_wconf 92' lang='lat' dir='ltr'><strong>consti-</strong></span> 
     </span>
     <span class='ocr_line' id='line_1_11' title="bbox 154 1432 1268 1520; baseline 0 -25"><span class='ocrx_word' id='word_1_79' title='bbox 154 1438 223 1496; x_wconf 85' lang='lat' dir='ltr'><strong>tuto</strong></span> <span class='ocrx_word' id='word_1_80' title='bbox 256 1433 352 1520; x_wconf 85' lang='lat' dir='ltr'>deque</span> <span class='ocrx_word' id='word_1_81' title='bbox 376 1457 480 1500; x_wconf 92' lang='lat' dir='ltr'><strong>eornm</strong></span> <span class='ocrx_word' id='word_1_82' title='bbox 509 1434 687 1500; x_wconf 89' lang='lat' dir='ltr'><strong>consulibus</strong></span> <span class='ocrx_word' id='word_1_83' title='bbox 706 1436 748 1516; x_wconf 80' lang='lat'><strong>4).</strong></span> <span class='ocrx_word' id='word_1_84' title='bbox 794 1434 843 1498; x_wconf 93' lang='lat' dir='ltr'><strong>Ne</strong></span> <span class='ocrx_word' id='word_1_85' title='bbox 877 1432 972 1498; x_wconf 87' lang='lat' dir='ltr'><strong>obiter</strong></span> <span class='ocrx_word' id='word_1_86' title='bbox 1007 1433 1127 1518; x_wconf 90' lang='lat' dir='ltr'><strong>quidem</strong></span> <span class='ocrx_word' id='word_1_87' title='bbox 1168 1433 1268 1516; x_wconf 88' lang='lat' dir='ltr'><strong>tangit</strong></span> 
     </span>
     <span class='ocr_line' id='line_1_12' title="bbox 153 1542 1270 1628; baseline -0.002 -22"><span class='ocrx_word' id='word_1_88' title='bbox 153 1543 353 1609; x_wconf 77' lang='lat' dir='ltr'><strong>narrationem</strong></span> <span class='ocrx_word' id='word_1_89' title='bbox 377 1545 414 1609; x_wconf 90' lang='lat' dir='ltr'><strong>de</strong></span> <span class='ocrx_word' id='word_1_90' title='bbox 430 1544 627 1610; x_wconf 90' lang='lat' dir='ltr'><strong>Pinnensium</strong></span> <span class='ocrx_word' id='word_1_91' title='bbox 652 1545 821 1610; x_wconf 89' lang='lat' dir='ltr'><strong>constantia</strong></span> <span class='ocrx_word' id='word_1_92' title='bbox 836 1546 875 1628; x_wconf 83' lang='lat'><strong>5),</strong></span> <span class='ocrx_word' id='word_1_93' title='bbox 898 1566 953 1607; x_wconf 93' lang='lat' dir='ltr'><strong>nec</strong></span> <span class='ocrx_word' id='word_1_94' title='bbox 970 1542 1006 1606; x_wconf 91' lang='lat' dir='ltr'><strong>de</strong></span> <span class='ocrx_word' id='word_1_95' title='bbox 1030 1542 1270 1627; x_wconf 84' lang='lat' dir='ltr'><strong>Agamemnonis</strong></span> 
     </span>
     <span class='ocr_line' id='line_1_13' title="bbox 153 1626 1353 1745; baseline -0.003 -29"><span class='ocrx_word' id='word_1_96' title='bbox 153 1652 312 1717; x_wconf 89' lang='lat' dir='ltr'><strong>cuiusdam</strong></span> <span class='ocrx_word' id='word_1_97' title='bbox 350 1652 451 1718; x_wconf 85' lang='lat' dir='ltr'><strong>Cilicis</strong></span> <span class='ocrx_word' id='word_1_98' title='bbox 489 1654 557 1718; x_wconf 87' lang='lat' dir='ltr'><strong>fatis</strong></span> <span class='ocrx_word' id='word_1_99' title='bbox 601 1655 752 1740; x_wconf 78' lang='lat' dir='ltr'><strong>gestisque</strong></span> <span class='ocrx_word' id='word_1_100' title='bbox 772 1658 811 1737; x_wconf 88' lang='lat'><strong>6).</strong></span> <span class='ocrx_word' id='word_1_101' title='bbox 866 1637 1116 1745; x_wconf 66' lang='lat' dir='ltr'><strong>Hauidquaquam</strong></span> <span class='ocrx_word' id='word_1_102' title='bbox 1149 1651 1270 1715; x_wconf 87' lang='lat' dir='ltr'><strong>novisse</strong></span> <span class='ocrx_word' id='word_1_103' title='bbox 1310 1626 1353 1734; x_wconf 59' lang='lat' dir='ltr'><strong>ild</strong></span> 
     </span>
     <span class='ocr_line' id='line_1_14' title="bbox 151 1761 1270 1842; baseline -0.002 -17"><span class='ocrx_word' id='word_1_104' title='bbox 151 1761 292 1842; x_wconf 85' lang='lat' dir='ltr'><strong>videtur,</strong></span> <span class='ocrx_word' id='word_1_105' title='bbox 328 1761 460 1827; x_wconf 84' lang='lat' dir='ltr'><strong>Corfinio</strong></span> <span class='ocrx_word' id='word_1_106' title='bbox 508 1763 625 1827; x_wconf 86' lang='lat' dir='ltr'><strong>deserto</strong></span> <span class='ocrx_word' id='word_1_107' title='bbox 667 1763 765 1828; x_wconf 88' lang='lat' dir='ltr'><strong>socios</strong></span> <span class='ocrx_word' id='word_1_108' title='bbox 810 1763 989 1830; x_wconf 87' lang='lat' dir='ltr'><strong>Aeserniam</strong></span> <span class='ocrx_word' id='word_1_109' title='bbox 1039 1762 1128 1827; x_wconf 88' lang='lat' dir='ltr'><strong>sedes</strong></span> <span class='ocrx_word' id='word_1_110' title='bbox 1175 1767 1270 1825; x_wconf 81' lang='lat' dir='ltr'><strong>trans-</strong></span> 
     </span>
     <span class='ocr_line' id='line_1_15' title="bbox 155 1870 1268 1958; baseline -0.001 -24"><span class='ocrx_word' id='word_1_111' title='bbox 155 1870 263 1935; x_wconf 88' lang='lat' dir='ltr'><strong>tulisse</strong></span> <span class='ocrx_word' id='word_1_112' title='bbox 315 1871 593 1958; x_wconf 90' lang='lat' dir='ltr'><strong>Pompacdiumque</strong></span> <span class='ocrx_word' id='word_1_113' title='bbox 626 1893 753 1936; x_wconf 71' lang='lat' dir='ltr'><strong>‘novum</strong></span> <span class='ocrx_word' id='word_1_114' title='bbox 800 1873 963 1937; x_wconf 85' lang='lat' dir='ltr'><strong>exercitum</strong></span> <span class='ocrx_word' id='word_1_115' title='bbox 1011 1871 1194 1935; x_wconf 84' lang='lat' dir='ltr'><strong>contraxisse</strong></span> <span class='ocrx_word' id='word_1_116' title='bbox 1230 1872 1268 1952; x_wconf 81' lang='lat'><strong>7).</strong></span> 
     </span>
     <span class='ocr_line' id='line_1_16' title="bbox 153 1980 1265 2067; baseline -0.003 -22"><span class='ocrx_word' id='word_1_117' title='bbox 153 1980 273 2063; x_wconf 84' lang='lat' dir='ltr'><strong>Verbo,</strong></span> <span class='ocrx_word' id='word_1_118' title='bbox 290 1983 366 2047; x_wconf 90' lang='lat' dir='ltr'><strong>nihil</strong></span> <span class='ocrx_word' id='word_1_119' title='bbox 390 1984 482 2047; x_wconf 88' lang='lat' dir='ltr'><strong>ferme</strong></span> <span class='ocrx_word' id='word_1_120' title='bbox 499 1984 633 2047; x_wconf 91' lang='lat' dir='ltr'><strong>similiter</strong></span> <span class='ocrx_word' id='word_1_121' title='bbox 649 1990 802 2046; x_wconf 89' lang='lat' dir='ltr'><strong>narratum</strong></span> <span class='ocrx_word' id='word_1_122' title='bbox 818 1983 992 2067; x_wconf 68' lang='lat' dir='ltr'><strong>comperias</strong></span> <span class='ocrx_word' id='word_1_123' title='bbox 1016 1982 1076 2045; x_wconf 92' lang='lat' dir='ltr'><strong>nisi</strong></span> <span class='ocrx_word' id='word_1_124' title='bbox 1099 1981 1175 2045; x_wconf 83' lang='lat' dir='ltr'><strong>forte</strong></span> <span class='ocrx_word' id='word_1_125' title='bbox 1200 1982 1265 2044; x_wconf 87' lang='lat' dir='ltr'><strong>Ser-</strong></span> 
     </span>
     <span class='ocr_line' id='line_1_17' title="bbox 157 2090 1267 2177; baseline -0.005 -21"><span class='ocrx_word' id='word_1_126' title='bbox 157 2092 221 2157; x_wconf 85' lang='lat' dir='ltr'><strong>vilii</strong></span> <span class='ocrx_word' id='word_1_127' title='bbox 244 2093 389 2157; x_wconf 85' lang='lat' dir='ltr'><strong>rationem</strong></span> <span class='ocrx_word' id='word_1_128' title='bbox 404 2093 511 2177; x_wconf 85' lang='lat' dir='ltr'><strong>agendi</strong></span> <span class='ocrx_word' id='word_1_129' title='bbox 536 2115 606 2177; x_wconf 87' lang='lat' dir='ltr'><strong>erga</strong></span> <span class='ocrx_word' id='word_1_130' title='bbox 628 2091 803 2158; x_wconf 85' lang='lat' dir='ltr'><strong>Asculanos</strong></span> <span class='ocrx_word' id='word_1_131' title='bbox 823 2095 863 2176; x_wconf 89' lang='lat'><strong>8).</strong></span> <span class='ocrx_word' id='word_1_132' title='bbox 909 2092 972 2169; x_wconf 91' lang='lat' dir='ltr'><strong>At,</strong></span> <span class='ocrx_word' id='word_1_133' title='bbox 998 2090 1077 2154; x_wconf 88' lang='lat' dir='ltr'><strong>dicat</strong></span> <span class='ocrx_word' id='word_1_134' title='bbox 1093 2092 1177 2175; x_wconf 90' lang='lat' dir='ltr'><strong>quis,</strong></span> <span class='ocrx_word' id='word_1_135' title='bbox 1195 2111 1267 2173; x_wconf 89' lang='lat' dir='ltr'><strong>qno-</strong></span> 
     </span>
     <span class='ocr_line' id='line_1_18' title="bbox 150 2200 1264 2291; baseline -0.002 -27"><span class='ocrx_word' id='word_1_136' title='bbox 150 2201 240 2265; x_wconf 91' lang='lat' dir='ltr'><strong>modo</strong></span> <span class='ocrx_word' id='word_1_137' title='bbox 257 2202 321 2267; x_wconf 91' lang='lat' dir='ltr'><strong>fieri</strong></span> <span class='ocrx_word' id='word_1_138' title='bbox 336 2210 452 2291; x_wconf 87' lang='lat' dir='ltr'><strong>potest,</strong></span> <span class='ocrx_word' id='word_1_139' title='bbox 468 2210 504 2266; x_wconf 92' lang='lat' dir='ltr'><strong>ut</strong></span> <span class='ocrx_word' id='word_1_140' title='bbox 517 2203 679 2289; x_wconf 84' lang='lat' dir='ltr'><strong>Appianas</strong></span> <span class='ocrx_word' id='word_1_141' title='bbox 696 2208 852 2287; x_wconf 89' lang='lat' dir='ltr'><strong>tantopere</strong></span> <span class='ocrx_word' id='word_1_142' title='bbox 869 2224 938 2266; x_wconf 90' lang='lat' dir='ltr'><strong>oum</strong></span> <span class='ocrx_word' id='word_1_143' title='bbox 945 2202 1083 2265; x_wconf 89' lang='lat' dir='ltr'><strong>Diodoro</strong></span> <span class='ocrx_word' id='word_1_144' title='bbox 1096 2200 1264 2284; x_wconf 86' lang='lat' dir='ltr'><strong>discrepet,</strong></span> 
     </span>
     <span class='ocr_line' id='line_1_19' title="bbox 151 2309 1265 2397; baseline -0.004 -22"><span class='ocrx_word' id='word_1_145' title='bbox 151 2332 247 2395; x_wconf 94' lang='lat' dir='ltr'><strong>quum</strong></span> <span class='ocrx_word' id='word_1_146' title='bbox 270 2334 340 2376; x_wconf 86' lang='lat' dir='ltr'><strong>vero</strong></span> <span class='ocrx_word' id='word_1_147' title='bbox 364 2312 460 2377; x_wconf 88' lang='lat' dir='ltr'><strong>simile</strong></span> <span class='ocrx_word' id='word_1_148' title='bbox 492 2313 547 2390; x_wconf 89' lang='lat' dir='ltr'><strong>sit,</strong></span> <span class='ocrx_word' id='word_1_149' title='bbox 571 2319 732 2397; x_wconf 90' lang='lat' dir='ltr'><strong>utrumque</strong></span> <span class='ocrx_word' id='word_1_150' title='bbox 773 2335 828 2376; x_wconf 88' lang='lat' dir='ltr'><strong>sua</strong></span> <span class='ocrx_word' id='word_1_151' title='bbox 859 2334 875 2375; x_wconf 94' lang='lat' dir='ltr'><strong>e</strong></span> <span class='ocrx_word' id='word_1_152' title='bbox 906 2311 1069 2376; x_wconf 90' lang='lat' dir='ltr'><strong>Posidonio</strong></span> <span class='ocrx_word' id='word_1_153' title='bbox 1102 2309 1265 2395; x_wconf 89' lang='lat' dir='ltr'><strong>deprehen-</strong></span> 
     </span>
     <span class='ocr_line' id='line_1_20' title="bbox 154 2420 1266 2508; baseline -0.003 -24"><span class='ocrx_word' id='word_1_154' title='bbox 154 2421 237 2485; x_wconf 89' lang='lat' dir='ltr'><strong>disse</strong></span> <span class='ocrx_word' id='word_1_155' title='bbox 255 2422 312 2503; x_wconf 81' lang='lat' dir='ltr'><strong>9)P</strong></span> <span class='ocrx_word' id='word_1_156' title='bbox 355 2423 559 2508; x_wconf 86' lang='lat' dir='ltr'><strong>Respondeo,</strong></span> <span class='ocrx_word' id='word_1_157' title='bbox 583 2421 780 2488; x_wconf 87' lang='lat' dir='ltr'><strong>Posidonium</strong></span> <span class='ocrx_word' id='word_1_158' title='bbox 812 2430 875 2486; x_wconf 87' lang='lat' dir='ltr'><strong>tam</strong></span> <span class='ocrx_word' id='word_1_159' title='bbox 908 2422 1065 2506; x_wconf 89' lang='lat' dir='ltr'><strong>copiosum</strong></span> <span class='ocrx_word' id='word_1_160' title='bbox 1095 2420 1206 2496; x_wconf 81' lang='lat' dir='ltr'><strong>fuisse,</strong></span> <span class='ocrx_word' id='word_1_161' title='bbox 1230 2425 1266 2481; x_wconf 91' lang='lat' dir='ltr'><strong>ut</strong></span> 
     </span>
     <span class='ocr_line' id='line_1_21' title="bbox 150 2530 1326 2617; baseline -0.003 -23"><span class='ocrx_word' id='word_1_162' title='bbox 150 2530 227 2594; x_wconf 85' lang='lat' dir='ltr'><strong>alius</strong></span> <span class='ocrx_word' id='word_1_163' title='bbox 251 2531 309 2594; x_wconf 88' lang='lat' dir='ltr'><strong>alia</strong></span> <span class='ocrx_word' id='word_1_164' title='bbox 332 2554 369 2596; x_wconf 88' lang='lat' dir='ltr'><strong>ex</strong></span> <span class='ocrx_word' id='word_1_165' title='bbox 393 2555 428 2596; x_wconf 91' lang='lat' dir='ltr'><strong>eo</strong></span> <span class='ocrx_word' id='word_1_166' title='bbox 453 2532 608 2596; x_wconf 89' lang='lat' dir='ltr'><strong>desumere</strong></span> <span class='ocrx_word' id='word_1_167' title='bbox 631 2533 779 2617; x_wconf 87' lang='lat' dir='ltr'><strong>potuerit,</strong></span> <span class='ocrx_word' id='word_1_168' title='bbox 803 2539 832 2596; x_wconf 90' lang='lat' dir='ltr'><strong>et</strong></span> <span class='ocrx_word' id='word_1_169' title='bbox 855 2555 909 2596; x_wconf 89' lang='lat' dir='ltr'><strong>nos</strong></span> <span class='ocrx_word' id='word_1_170' title='bbox 934 2531 1062 2595; x_wconf 86' lang='lat' dir='ltr'><strong>Diodori</strong></span> <span class='ocrx_word' id='word_1_171' title='bbox 1085 2530 1264 2615; x_wconf 83' lang='lat' dir='ltr'><strong>fragmento·</strong></span> <span class='ocrx_word' id='word_1_172' title='bbox 1324 2575 1326 2578; x_wconf 26' lang='grc' dir='ltr'><em>ψ</em></span> 
     </span>
     <span class='ocr_line' id='line_1_22' title="bbox 146 2640 1265 2728; baseline -0.005 -22"><span class='ocrx_word' id='word_1_173' title='bbox 146 2662 215 2705; x_wconf 92' lang='lat' dir='ltr'><strong>rum</strong></span> <span class='ocrx_word' id='word_1_174' title='bbox 236 2642 386 2728; x_wconf 82' lang='lat' dir='ltr'><strong>paucitate</strong></span> <span class='ocrx_word' id='word_1_175' title='bbox 414 2641 570 2728; x_wconf 89' lang='lat' dir='ltr'><strong>impediri,</strong></span> <span class='ocrx_word' id='word_1_176' title='bbox 601 2643 764 2728; x_wconf 89' lang='lat' dir='ltr'><strong>quominus</strong></span> <span class='ocrx_word' id='word_1_177' title='bbox 789 2641 1004 2718; x_wconf 89' lang='lat' dir='ltr'><strong>decernamus,</strong></span> <span class='ocrx_word' id='word_1_178' title='bbox 1030 2647 1178 2724; x_wconf 90' lang='lat' dir='ltr'><strong>quatenus</strong></span> <span class='ocrx_word' id='word_1_179' title='bbox 1202 2640 1265 2721; x_wconf 90' lang='lat' dir='ltr'><strong>Ap-</strong></span> 
     </span>
     <span class='ocr_line' id='line_1_23' title="bbox 146 2748 989 2834; baseline 0 -22"><span class='ocrx_word' id='word_1_180' title='bbox 146 2748 255 2834; x_wconf 87' lang='lat' dir='ltr'><strong>pianus</strong></span> <span class='ocrx_word' id='word_1_181' title='bbox 287 2749 359 2814; x_wconf 90' lang='lat' dir='ltr'><strong>alibi</strong></span> <span class='ocrx_word' id='word_1_182' title='bbox 383 2751 508 2815; x_wconf 88' lang='lat' dir='ltr'><strong>fortasse</strong></span> <span class='ocrx_word' id='word_1_183' title='bbox 533 2774 603 2815; x_wconf 91' lang='lat' dir='ltr'><strong>cum</strong></span> <span class='ocrx_word' id='word_1_184' title='bbox 633 2751 768 2814; x_wconf 89' lang='lat' dir='ltr'><strong>Diodoro</strong></span> <span class='ocrx_word' id='word_1_185' title='bbox 798 2751 989 2814; x_wconf 88' lang='lat' dir='ltr'><strong>consenserit.</strong></span> 
     </span>
    </p>

    <p class='ocr_par' dir='ltr' id='par_1_3' title="bbox 139 2857 1263 3604">
     <span class='ocr_line' id='line_1_24' title="bbox 238 2857 1263 2944; baseline -0.005 -21"><span class='ocrx_word' id='word_1_186' title='bbox 238 2859 372 2924; x_wconf 89' lang='lat' dir='ltr'><strong>Diodoro</strong></span> <span class='ocrx_word' id='word_1_187' title='bbox 397 2860 524 2924; x_wconf 90' lang='lat' dir='ltr'><strong>addatur</strong></span> <span class='ocrx_word' id='word_1_188' title='bbox 547 2860 686 2924; x_wconf 86' lang='lat' dir='ltr'><strong>Valerius</strong></span> <span class='ocrx_word' id='word_1_189' title='bbox 703 2860 864 2924; x_wconf 84' lang='lat' dir='ltr'><strong>Maximus.</strong></span> <span class='ocrx_word' id='word_1_190' title='bbox 903 2859 929 2923; x_wconf 81' lang='lat' dir='ltr'><strong>ll</strong></span> <span class='ocrx_word' id='word_1_191' title='bbox 954 2881 1014 2942; x_wconf 92' lang='lat' dir='ltr'><strong>quo</strong></span> <span class='ocrx_word' id='word_1_192' title='bbox 1046 2860 1206 2944; x_wconf 85' lang='lat' dir='ltr'><strong>Appianas</strong></span> <span class='ocrx_word' id='word_1_193' title='bbox 1231 2857 1263 2919; x_wconf 86' lang='lat' dir='ltr'><strong>in</strong></span> 
     </span>
     <span class='ocr_line' id='line_1_25' title="bbox 143 2968 1259 3054; baseline -0.004 -20"><span class='ocrx_word' id='word_1_194' title='bbox 143 2974 227 3034; x_wconf 86' lang='lat' dir='ltr'><strong>tanta</strong></span> <span class='ocrx_word' id='word_1_195' title='bbox 240 2970 330 3034; x_wconf 90' lang='lat' dir='ltr'><strong>huius</strong></span> <span class='ocrx_word' id='word_1_196' title='bbox 345 2968 499 3054; x_wconf 89' lang='lat' dir='ltr'><strong>scriptoris</strong></span> <span class='ocrx_word' id='word_1_197' title='bbox 516 2969 659 3034; x_wconf 89' lang='lat' dir='ltr'><strong>brevitate</strong></span> <span class='ocrx_word' id='word_1_198' title='bbox 675 2968 771 3032; x_wconf 88' lang='lat' dir='ltr'><strong>multa</strong></span> <span class='ocrx_word' id='word_1_199' title='bbox 786 2968 941 3032; x_wconf 87' lang='lat' dir='ltr'><strong>desumere</strong></span> <span class='ocrx_word' id='word_1_200' title='bbox 960 2969 1073 3053; x_wconf 88' lang='lat' dir='ltr'><strong>nequit.</strong></span> <span class='ocrx_word' id='word_1_201' title='bbox 1099 2969 1259 3049; x_wconf 75' lang='lat' dir='ltr'><strong>Quaecun-</strong></span> 
     </span>
     <span class='ocr_line' id='line_1_26' title="bbox 145 3077 1263 3164; baseline -0.002 -21"><span class='ocrx_word' id='word_1_202' title='bbox 145 3100 204 3162; x_wconf 91' lang='lat' dir='ltr'><strong>que</strong></span> <span class='ocrx_word' id='word_1_203' title='bbox 227 3085 328 3143; x_wconf 89' lang='lat' dir='ltr'><strong>autem</strong></span> <span class='ocrx_word' id='word_1_204' title='bbox 351 3102 421 3143; x_wconf 91' lang='lat' dir='ltr'><strong>cum</strong></span> <span class='ocrx_word' id='word_1_205' title='bbox 444 3103 479 3143; x_wconf 91' lang='lat' dir='ltr'><strong>eo</strong></span> <span class='ocrx_word' id='word_1_206' title='bbox 504 3079 699 3164; x_wconf 83' lang='lat' dir='ltr'><strong>congruentia</strong></span> <span class='ocrx_word' id='word_1_207' title='bbox 727 3079 870 3164; x_wconf 88' lang='lat' dir='ltr'><strong>exposuit</strong></span> <span class='ocrx_word' id='word_1_208' title='bbox 900 3101 935 3141; x_wconf 90' lang='lat' dir='ltr'><strong>ex</strong></span> <span class='ocrx_word' id='word_1_209' title='bbox 958 3078 1066 3141; x_wconf 87' lang='lat' dir='ltr'><strong>iisdem</strong></span> <span class='ocrx_word' id='word_1_210' title='bbox 1099 3086 1189 3162; x_wconf 88' lang='lat' dir='ltr'><strong>atque</strong></span> <span class='ocrx_word' id='word_1_211' title='bbox 1211 3077 1263 3141; x_wconf 88' lang='lat' dir='ltr'><strong>ille</strong></span> 
     </span>
     <span class='ocr_line' id='line_1_27' title="bbox 143 3187 1259 3278; baseline -0.003 -25"><span class='ocrx_word' id='word_1_212' title='bbox 143 3189 262 3275; x_wconf 87' lang='lat' dir='ltr'><strong>scriptis</strong></span> <span class='ocrx_word' id='word_1_213' title='bbox 274 3191 476 3278; x_wconf 86' lang='lat' dir='ltr'><strong>excerpsisse,</strong></span> <span class='ocrx_word' id='word_1_214' title='bbox 491 3191 592 3276; x_wconf 85' lang='lat' dir='ltr'><strong>ipsum</strong></span> <span class='ocrx_word' id='word_1_215' title='bbox 612 3211 682 3253; x_wconf 89' lang='lat' dir='ltr'><strong>vero</strong></span> <span class='ocrx_word' id='word_1_216' title='bbox 694 3189 850 3253; x_wconf 85' lang='lat' dir='ltr'><strong>Valerium</strong></span> <span class='ocrx_word' id='word_1_217' title='bbox 862 3212 926 3252; x_wconf 91' lang='lat' dir='ltr'><strong>nou</strong></span> <span class='ocrx_word' id='word_1_218' title='bbox 943 3189 1068 3267; x_wconf 89' lang='lat' dir='ltr'><strong>adiisse,</strong></span> <span class='ocrx_word' id='word_1_219' title='bbox 1091 3187 1259 3253; x_wconf 89' lang='lat' dir='ltr'><strong>censendus</strong></span> 
     </span>
     <span class='ocr_line' id='line_1_28' title="bbox 141 3297 1259 3385; baseline 0 -24"><span class='ocrx_word' id='word_1_220' title='bbox 141 3305 196 3363; x_wconf 88' lang='lat' dir='ltr'><strong>est.</strong></span> <span class='ocrx_word' id='word_1_221' title='bbox 241 3297 309 3363; x_wconf 90' lang='lat' dir='ltr'><strong>Nos</strong></span> <span class='ocrx_word' id='word_1_222' title='bbox 334 3305 411 3363; x_wconf 89' lang='lat' dir='ltr'><strong>certe</strong></span> <span class='ocrx_word' id='word_1_223' title='bbox 433 3299 594 3363; x_wconf 90' lang='lat' dir='ltr'><strong>incidimus</strong></span> <span class='ocrx_word' id='word_1_224' title='bbox 617 3301 650 3363; x_wconf 92' lang='lat' dir='ltr'><strong>in</strong></span> <span class='ocrx_word' id='word_1_225' title='bbox 666 3300 832 3385; x_wconf 88' lang='lat' dir='ltr'><strong>quaedam,</strong></span> <span class='ocrx_word' id='word_1_226' title='bbox 859 3322 876 3362; x_wconf 90' lang='lat' dir='ltr'><strong>a</strong></span> <span class='ocrx_word' id='word_1_227' title='bbox 900 3299 1020 3362; x_wconf 76' lang='lat' dir='ltr'><strong>Valerio</strong></span> <span class='ocrx_word' id='word_1_228' title='bbox 1047 3299 1170 3383; x_wconf 88' lang='lat' dir='ltr'><strong>quidem</strong></span> <span class='ocrx_word' id='word_1_229' title='bbox 1191 3321 1259 3361; x_wconf 89' lang='lat' dir='ltr'><strong>nar·</strong></span> 
     </span>
     <span class='ocr_line' id='line_1_29' title="bbox 140 3408 1259 3495; baseline 0.002 -23"><span class='ocrx_word' id='word_1_230' title='bbox 140 3414 220 3486; x_wconf 87' lang='lat' dir='ltr'><strong>rata,</strong></span> <span class='ocrx_word' id='word_1_231' title='bbox 233 3408 270 3472; x_wconf 88' lang='lat' dir='ltr'><strong>ab</strong></span> <span class='ocrx_word' id='word_1_232' title='bbox 287 3408 432 3495; x_wconf 88' lang='lat' dir='ltr'><strong>Appiano</strong></span> <span class='ocrx_word' id='word_1_233' title='bbox 456 3431 524 3472; x_wconf 86' lang='lat' dir='ltr'><strong>vero</strong></span> <span class='ocrx_word' id='word_1_234' title='bbox 549 3411 774 3494; x_wconf 87' lang='lat' dir='ltr'><strong>praetermissa,</strong></span> <span class='ocrx_word' id='word_1_235' title='bbox 798 3432 825 3471; x_wconf 90' lang='lat' dir='ltr'><strong>v.</strong></span> <span class='ocrx_word' id='word_1_236' title='bbox 851 3431 874 3471; x_wconf 88' lang='lat' dir='ltr'><strong>c.</strong></span> <span class='ocrx_word' id='word_1_237' title='bbox 899 3409 930 3471; x_wconf 89' lang='lat' dir='ltr'><strong>in</strong></span> <span class='ocrx_word' id='word_1_238' title='bbox 947 3409 1201 3474; x_wconf 85' lang='lat' dir='ltr'><strong>narratiunculam</strong></span> <span class='ocrx_word' id='word_1_239' title='bbox 1222 3411 1259 3474; x_wconf 91' lang='lat' dir='ltr'><strong>de</strong></span> 
     </span>
     <span class='ocr_line' id='line_1_30' title="bbox 139 3519 1229 3604; baseline 0.002 -21"><span class='ocrx_word' id='word_1_240' title='bbox 139 3520 296 3584; x_wconf 88' lang='lat' dir='ltr'><strong>inimicitia</strong></span> <span class='ocrx_word' id='word_1_241' title='bbox 316 3519 440 3583; x_wconf 87' lang='lat' dir='ltr'><strong>Livium</strong></span> <span class='ocrx_word' id='word_1_242' title='bbox 463 3519 602 3583; x_wconf 88' lang='lat' dir='ltr'><strong>Drusum</strong></span> <span class='ocrx_word' id='word_1_243' title='bbox 625 3522 704 3584; x_wconf 88' lang='lat' dir='ltr'><strong>inter</strong></span> <span class='ocrx_word' id='word_1_244' title='bbox 728 3519 968 3604; x_wconf 87' lang='lat' dir='ltr'><strong>Philippumque</strong></span> <span class='ocrx_word' id='word_1_245' title='bbox 993 3520 1150 3584; x_wconf 82' lang='lat' dir='ltr'><strong>consulam</strong></span> <span class='ocrx_word' id='word_1_246' title='bbox 1167 3525 1229 3604; x_wconf 86' lang='grc'><strong>10).</strong></span> 
     </span>
    </p>

    <p class='ocr_par' dir='ltr' id='par_1_4' title="bbox 240 3629 1255 3717">
     <span class='ocr_line' id='line_1_31' title="bbox 240 3629 1255 3717; baseline -0.002 -23"><span class='ocrx_word' id='word_1_247' title='bbox 240 3629 326 3694; x_wconf 91' lang='lat' dir='ltr'><strong>Idem</strong></span> <span class='ocrx_word' id='word_1_248' title='bbox 344 3630 504 3694; x_wconf 90' lang='lat' dir='ltr'><strong>dicendum</strong></span> <span class='ocrx_word' id='word_1_249' title='bbox 521 3629 558 3692; x_wconf 92' lang='lat' dir='ltr'><strong>de</strong></span> <span class='ocrx_word' id='word_1_250' title='bbox 581 3630 681 3693; x_wconf 76' lang='lat' dir='ltr'><strong>Flore.</strong></span> <span class='ocrx_word' id='word_1_251' title='bbox 707 3630 783 3711; x_wconf 73' lang='lat' dir='ltr'><strong>Quis</strong></span> <span class='ocrx_word' id='word_1_252' title='bbox 808 3631 889 3693; x_wconf 92' lang='lat' dir='ltr'><strong>enim</strong></span> <span class='ocrx_word' id='word_1_253' title='bbox 914 3631 1036 3708; x_wconf 87' lang='lat' dir='ltr'><strong>credat,</strong></span> <span class='ocrx_word' id='word_1_254' title='bbox 1062 3631 1255 3717; x_wconf 86' lang='lat' dir='ltr'><strong>Appianum,</strong></span> 
     </span>
    </p>
   </div>
   <div class='ocr_carea' id='block_1_3' title="bbox 135 3822 1254 4479">
    <p class='ocr_par' dir='ltr' id='par_1_5' title="bbox 175 3822 526 3885">
     <span class='ocr_line' id='line_1_32' title="bbox 175 3822 526 3885; baseline -0.006 -12"><span class='ocrx_word' id='word_1_255' title='bbox 175 3826 201 3885; x_wconf 84' lang='lat'><strong>1)</strong></span> <span class='ocrx_word' id='word_1_256' title='bbox 236 3823 327 3870; x_wconf 89' lang='lat' dir='ltr'><strong>Diod.</strong></span> <span class='ocrx_word' id='word_1_257' title='bbox 346 3822 465 3879; x_wconf 86' lang='lat' dir='ltr'><strong>XXXIV,</strong></span> <span class='ocrx_word' id='word_1_258' title='bbox 485 3825 526 3871; x_wconf 70' lang='lat'><strong>25.</strong></span> 
     </span>
    </p>

    <p class='ocr_par' dir='ltr' id='par_1_6' title="bbox 139 3906 1254 4051">
     <span class='ocr_line' id='line_1_33' title="bbox 171 3906 1254 3973; baseline -0.001 -16"><span class='ocrx_word' id='word_1_259' title='bbox 171 3910 199 3971; x_wconf 78' lang='lat'><strong>2)</strong></span> <span class='ocrx_word' id='word_1_260' title='bbox 234 3908 321 3958; x_wconf 83' lang='lat' dir='ltr'><strong>Diod.</strong></span> <span class='ocrx_word' id='word_1_261' title='bbox 339 3906 475 3964; x_wconf 80' lang='lat' dir='ltr'><strong>XXXVII,</strong></span> <span class='ocrx_word' id='word_1_262' title='bbox 497 3913 536 3958; x_wconf 85' lang='grc'><strong>11.</strong></span> <span class='ocrx_word' id='word_1_263' title='bbox 554 3937 587 3944; x_wconf 94' lang='grc'>-</span> <span class='ocrx_word' id='word_1_264' title='bbox 607 3908 652 3957; x_wconf 78' lang='lat' dir='ltr'><strong>Off.</strong></span> <span class='ocrx_word' id='word_1_265' title='bbox 671 3907 757 3955; x_wconf 88' lang='lat' dir='ltr'><strong>Nieb.</strong></span> <span class='ocrx_word' id='word_1_266' title='bbox 782 3907 857 3956; x_wconf 74' lang='lat' dir='ltr'><strong>l&#39;ortr.</strong></span> <span class='ocrx_word' id='word_1_267' title='bbox 877 3908 1012 3973; x_wconf 54' lang='lat' dir='ltr'><strong>lupara</strong></span> <span class='ocrx_word' id='word_1_268' title='bbox 1033 3909 1211 3966; x_wconf 71' lang='lat' dir='ltr'><strong>ctln&#39;ortiinr,</strong></span> <span class='ocrx_word' id='word_1_269' title='bbox 1229 3926 1254 3972; x_wconf 85' lang='lat' dir='ltr'><strong>p.</strong></span> 
     </span>
     <span class='ocr_line' id='line_1_34' title="bbox 139 3991 814 4051; baseline -0.003 -9"><span class='ocrx_word' id='word_1_270' title='bbox 139 3995 346 4051; x_wconf 75' lang='lat' dir='ltr'><strong>223,n0t.580.</strong></span> <span class='ocrx_word' id='word_1_271' title='bbox 463 3993 490 4045; x_wconf 81' lang='grc'><strong>31</strong></span> <span class='ocrx_word' id='word_1_272' title='bbox 526 3993 614 4040; x_wconf 89' lang='lat' dir='ltr'><strong>Diod.</strong></span> <span class='ocrx_word' id='word_1_273' title='bbox 634 3991 814 4048; x_wconf 82' lang='lat' dir='ltr'><strong>XXXVII,2.</strong></span> 
     </span>
    </p>

    <p class='ocr_par' dir='ltr' id='par_1_7' title="bbox 169 4076 1223 4142">
     <span class='ocr_line' id='line_1_35' title="bbox 169 4076 1223 4142; baseline -0.003 -15"><span class='ocrx_word' id='word_1_274' title='bbox 169 4080 198 4142; x_wconf 78' lang='lat'><strong>4)</strong></span> <span class='ocrx_word' id='word_1_275' title='bbox 232 4079 319 4127; x_wconf 89' lang='lat' dir='ltr'><strong>Diod.</strong></span> <span class='ocrx_word' id='word_1_276' title='bbox 337 4077 432 4125; x_wconf 90' lang='lat' dir='ltr'><strong>l.l.·—</strong></span> <span class='ocrx_word' id='word_1_277' title='bbox 452 4077 488 4124; x_wconf 84' lang='lat' dir='ltr'><strong>Cf.</strong></span> <span class='ocrx_word' id='word_1_278' title='bbox 507 4077 671 4125; x_wconf 74' lang='lat' dir='ltr'><strong>VellPat.</strong></span> <span class='ocrx_word' id='word_1_279' title='bbox 696 4076 797 4133; x_wconf 81' lang='lat' dir='ltr'><strong>11,1(t.</strong></span> <span class='ocrx_word' id='word_1_280' title='bbox 869 4079 895 4139; x_wconf 80' lang='lat'><strong>5)</strong></span> <span class='ocrx_word' id='word_1_281' title='bbox 929 4079 1018 4127; x_wconf 83' lang='lat' dir='ltr'><strong>Diod.</strong></span> <span class='ocrx_word' id='word_1_282' title='bbox 1037 4077 1172 4134; x_wconf 82' lang='lat' dir='ltr'><strong>XXXVII,</strong></span> <span class='ocrx_word' id='word_1_283' title='bbox 1192 4079 1223 4125; x_wconf 73' lang='lat'><strong>‘20</strong></span> 
     </span>
    </p>

    <p class='ocr_par' dir='ltr' id='par_1_8' title="bbox 170 4161 1254 4226">
     <span class='ocr_line' id='line_1_36' title="bbox 170 4161 1254 4226; baseline -0.001 -15"><span class='ocrx_word' id='word_1_284' title='bbox 170 4165 197 4226; x_wconf 82' lang='lat'><strong>6)</strong></span> <span class='ocrx_word' id='word_1_285' title='bbox 232 4164 348 4212; x_wconf 70' lang='lat' dir='ltr'><strong>lbidlll.</strong></span> <span class='ocrx_word' id='word_1_286' title='bbox 385 4162 414 4218; x_wconf 79' lang='lat'><strong>7)</strong></span> <span class='ocrx_word' id='word_1_287' title='bbox 437 4162 528 4210; x_wconf 86' lang='lat' dir='ltr'><strong>Diod.</strong></span> <span class='ocrx_word' id='word_1_288' title='bbox 542 4163 674 4218; x_wconf 87' lang='lat' dir='ltr'><strong>XXXVII,</strong></span> <span class='ocrx_word' id='word_1_289' title='bbox 688 4167 712 4212; x_wconf 78' lang='lat'><strong>2.</strong></span> <span class='ocrx_word' id='word_1_290' title='bbox 748 4162 775 4224; x_wconf 81' lang='lat'><strong>8)</strong></span> <span class='ocrx_word' id='word_1_291' title='bbox 799 4161 887 4210; x_wconf 87' lang='lat' dir='ltr'><strong>Diod.</strong></span> <span class='ocrx_word' id='word_1_292' title='bbox 901 4161 1254 4225; x_wconf 79' lang='lat' dir='ltr'><strong>XXXVII,13.-·App.88.</strong></span> 
     </span>
    </p>

    <p class='ocr_par' dir='ltr' id='par_1_9' title="bbox 135 4228 1253 4395">
     <span class='ocr_line' id='line_1_37' title="bbox 169 4228 1253 4312; baseline -0.002 -17"><span class='ocrx_word' id='word_1_293' title='bbox 169 4251 197 4308; x_wconf 83' lang='lat' dir='ltr'><strong>a)</strong></span> <span class='ocrx_word' id='word_1_294' title='bbox 231 4250 352 4312; x_wconf 85' lang='lat' dir='ltr'><strong>llcyno,</strong></span> <span class='ocrx_word' id='word_1_295' title='bbox 371 4247 400 4294; x_wconf 86' lang='lat' dir='ltr'><strong>dc</strong></span> <span class='ocrx_word' id='word_1_296' title='bbox 409 4250 476 4311; x_wconf 81' lang='lat' dir='ltr'><strong>font.</strong></span> <span class='ocrx_word' id='word_1_297' title='bbox 496 4254 518 4294; x_wconf 81' lang='lat' dir='ltr'><strong>et</strong></span> <span class='ocrx_word' id='word_1_298' title='bbox 535 4228 644 4295; x_wconf 64' lang='lat' dir='ltr'><strong>narratoria.</strong></span> <span class='ocrx_word' id='word_1_299' title='bbox 666 4243 773 4293; x_wconf 80' lang='lat' dir='ltr'><strong>Diodori</strong></span> <span class='ocrx_word' id='word_1_300' title='bbox 791 4245 815 4292; x_wconf 90' lang='lat' dir='ltr'><strong>in</strong></span> <span class='ocrx_word' id='word_1_301' title='bbox 834 4246 926 4293; x_wconf 81' lang='lat' dir='ltr'><strong>Corum.</strong></span> <span class='ocrx_word' id='word_1_302' title='bbox 946 4245 1010 4291; x_wconf 72' lang='lat' dir='ltr'><strong>Geta</strong></span> <span class='ocrx_word' id='word_1_303' title='bbox 1023 4244 1091 4301; x_wconf 88' lang='lat' dir='ltr'><strong>Vll,</strong></span> <span class='ocrx_word' id='word_1_304' title='bbox 1110 4262 1134 4308; x_wconf 91' lang='lat' dir='ltr'><strong>p.</strong></span> <span class='ocrx_word' id='word_1_305' title='bbox 1156 4248 1253 4294; x_wconf 70' lang='lat' dir='ltr'><strong>ild.-</strong></span> 
     </span>
     <span class='ocr_line' id='line_1_38' title="bbox 135 4331 762 4395; baseline 0 -17"><span class='ocrx_word' id='word_1_306' title='bbox 135 4333 261 4380; x_wconf 71' lang='lat' dir='ltr'><strong>thocll</strong></span> <span class='ocrx_word' id='word_1_307' title='bbox 280 4334 320 4389; x_wconf 89' lang='lat' dir='ltr'><strong>ll,</strong></span> <span class='ocrx_word' id='word_1_308' title='bbox 339 4350 361 4395; x_wconf 93' lang='lat' dir='ltr'><strong>p.</strong></span> <span class='ocrx_word' id='word_1_309' title='bbox 379 4337 434 4379; x_wconf 76' lang='grc' dir='ltr'><strong>ῖ1ῖ2,</strong></span> <span class='ocrx_word' id='word_1_310' title='bbox 457 4359 484 4367; x_wconf 86' lang='grc'><strong>-</strong></span> <span class='ocrx_word' id='word_1_311' title='bbox 505 4331 563 4377; x_wconf 83' lang='lat' dir='ltr'><strong>Vid.</strong></span> <span class='ocrx_word' id='word_1_312' title='bbox 583 4348 656 4394; x_wconf 83' lang='lat' dir='ltr'><strong>snpra</strong></span> <span class='ocrx_word' id='word_1_313' title='bbox 676 4347 699 4393; x_wconf 90' lang='lat' dir='ltr'><strong>p.</strong></span> <span class='ocrx_word' id='word_1_314' title='bbox 725 4336 762 4378; x_wconf 92' lang='grc'><strong>11.</strong></span> 
     </span>
    </p>

    <p class='ocr_par' dir='ltr' id='par_1_10' title="bbox 170 4413 1252 4479">
     <span class='ocr_line' id='line_1_39' title="bbox 170 4413 1252 4479; baseline -0.002 -15"><span class='ocrx_word' id='word_1_315' title='bbox 170 4421 211 4479; x_wconf 81' lang='lat' dir='ltr'><strong>ld)</strong></span> <span class='ocrx_word' id='word_1_316' title='bbox 247 4417 312 4464; x_wconf 84' lang='lat' dir='ltr'><strong>Val.</strong></span> <span class='ocrx_word' id='word_1_317' title='bbox 339 4419 412 4464; x_wconf 70' lang='lat' dir='ltr'><strong>llari.</strong></span> <span class='ocrx_word' id='word_1_318' title='bbox 434 4417 480 4470; x_wconf 80' lang='lat' dir='ltr'><strong>IX,</strong></span> <span class='ocrx_word' id='word_1_319' title='bbox 501 4419 531 4468; x_wconf 75' lang='grc'><strong>3,</strong></span> <span class='ocrx_word' id='word_1_320' title='bbox 552 4423 574 4463; x_wconf 71' lang='lat'><strong>2.</strong></span> <span class='ocrx_word' id='word_1_321' title='bbox 606 4444 636 4451; x_wconf 90' lang='lat'><strong>-—</strong></span> <span class='ocrx_word' id='word_1_322' title='bbox 665 4416 747 4462; x_wconf 75' lang='lat' dir='ltr'><strong>l&#39;lor.</strong></span> <span class='ocrx_word' id='word_1_323' title='bbox 766 4416 823 4464; x_wconf 78' lang='grc'><strong>111,</strong></span> <span class='ocrx_word' id='word_1_324' title='bbox 847 4416 883 4464; x_wconf 84' lang='grc'><strong>17.</strong></span> <span class='ocrx_word' id='word_1_325' title='bbox 905 4445 933 4450; x_wconf 81' lang='lat'><strong>—-</strong></span> <span class='ocrx_word' id='word_1_326' title='bbox 966 4417 1005 4464; x_wconf 79' lang='lat' dir='ltr'><strong>(A.</strong></span> <span class='ocrx_word' id='word_1_327' title='bbox 1026 4416 1068 4476; x_wconf 83' lang='lat' dir='ltr'><strong>V.)</strong></span> <span class='ocrx_word' id='word_1_328' title='bbox 1092 4413 1108 4459; x_wconf 70' lang='lat' dir='ltr'><strong>tl</strong></span> <span class='ocrx_word' id='word_1_329' title='bbox 1136 4432 1155 4461; x_wconf 81' lang='lat' dir='ltr'><strong>u.</strong></span> <span class='ocrx_word' id='word_1_330' title='bbox 1176 4416 1192 4463; x_wconf 78' lang='lat' dir='ltr'><strong>i.</strong></span> <span class='ocrx_word' id='word_1_331' title='bbox 1213 4418 1252 4462; x_wconf 73' lang='grc'><strong>1111,</strong></span> 
     </span>
    </p>
   </div>
   <div class='ocr_carea' id='block_1_4' title="bbox 0 0 1400 5152">
    <p class='ocr_par' dir='ltr' id='par_1_11' title="bbox 0 0 1400 5152">
     <span class='ocr_line' id='line_1_40' title="bbox 0 0 1400 5152; baseline 0 11"><span class='ocrx_word' id='word_1_332' title='bbox 0 0 1400 5152; x_wconf 95' lang='lat' dir='ltr'><strong> </strong></span> 
     </span>
    </p>
   </div>
  </div>
 </body>
</html>
