2790 5152
695 254 761 319 100

277 454 390 519 Varum
414 455 533 539 gravius
558 460 623 532 est,
647 454 821 540 Appianum
844 455 996 520 interdum
1019 475 1121 519 rarum
1144 452 1290 517 narratio·

175 586 244 627 nem
275 587 336 629 non
367 564 530 629 absolvisse
558 569 611 628 aut
633 570 695 628 tam
718 565 903 650 negligenter
927 565 1044 650 egisse,
1067 570 1103 627 ut
1127 562 1203 648 quid
1226 559 1288 626 sibi

173 674 263 754 velit,
287 675 338 738 vix
360 674 519 759 intelligas.
566 674 614 738 Sic
647 675 812 738 accuratius
836 697 928 760 quam
951 676 1109 761 Appianus
1129 674 1164 757 1)
1188 673 1288 757 legem

173 784 206 848 C.
232 783 360 848 Gracchi
382 783 606 848 frumentariam
630 791 784 870 exponunt
798 785 922 864 Cicero,
946 785 1051 848 Livius
1061 833 1070 863 ,
1086 781 1240 848 Asconius
1256 785 1288 845 et

172 893 350 958 Plutarchus
366 898 411 980 2).
458 893 617 957 Brevitatis
653 894 755 958 studio
788 895 900 959 iactum
925 901 990 972 est,
1014 901 1050 959 ut
1074 915 1150 979 quae
1173 890 1287 978 Appia-

172 1025 230 1066 nus
254 1003 291 1066 dc
314 1003 380 1089 lege
404 1003 504 1088 Spurii
531 1003 638 1067 Thurii
662 1004 753 1068 etde
777 1003 854 1068 alius
877 1004 991 1069 tribuni
1014 1003 1111 1090 plebis
1135 1003 1202 1088 lege
1226 1001 1286 1066 dis·

170 1119 276 1198 putat,
301 1113 427 1178 obscura
450 1113 532 1191 sint,
556 1135 650 1199 quum
675 1120 705 1178 et
727 1114 836 1200 prioris
856 1114 931 1199 legis
948 1119 1159 1199 argumentum
1174 1111 1286 1198 partim

170 1223 260 1286 modo
282 1245 511 1287 commemorare
534 1223 679 1302 videatur,
692 1229 721 1287 et
737 1247 847 1288 nomen
860 1224 949 1288 huius
964 1223 1079 1288 tribuni
1101 1223 1225 1288 reticeat
1237 1221 1285 1306 3).

169 1333 280 1398 Parum
308 1337 443 1397 accurate
477 1332 586 1396 tradita
609 1339 681 1396 sunt
706 1333 796 1398 etiam
831 1356 907 1418 quae
931 1333 968 1397 dc
991 1333 1106 1398 Asculo
1129 1332 1284 1417 leguntur.

169 1442 263 1506 Initio
287 1442 359 1507 belli
382 1442 500 1507 socialis
524 1443 579 1506 Cn.
603 1442 765 1529 Pompeius
789 1443 866 1507 hanc
890 1443 995 1508 urbem
1011 1443 1204 1530 aggreditur,
1230 1441 1283 1506 sed

169 1553 276 1638 pedem
299 1552 406 1617 referre
429 1553 603 1639 cogitur4).
640 1553 688 1617 De
712 1552 793 1617 hisee
816 1554 893 1618 nihil
916 1553 1006 1618 habet
1027 1553 1205 1639 Appianus,
1230 1553 1284 1638 qui

171 1669 289 1727 tantum
314 1663 407 1742 dicit,
433 1663 487 1727 On.
515 1662 692 1749 Pompeium
724 1664 826 1727 hostes
866 1663 980 1748 proelio
1019 1664 1103 1728 lusos
1134 1663 1166 1727 in
1208 1662 1283 1729 urhe

170 1774 284 1838 Asculo
308 1773 467 1837 inclusisse
490 1772 582 1858 idque
618 1795 792 1858 oppugnare
822 1773 989 1837 instituisse
1009 1775 1049 1858 5).
1103 1771 1188 1838 Num
1211 1797 1282 1840 vero

170 1883 316 1969 oppidum
341 1889 462 1968 captum
483 1882 523 1945 sit
534 1931 544 1960 ,
583 1881 781 1961 nesciremus,
805 1883 863 1946 nisi
887 1883 938 1946 alii
962 1879 1056 1974 nobis:
1074 1892 1281 1950 succurrerent

169 1993 348 2078 scriptores,
380 1992 520 2055 docentes
550 1992 593 2055 ita
628 1993 760 2057 esurisse
775 1994 815 2077 6).
861 1993 955 2057 Aliud
987 2000 1033 2057 est
1065 1994 1195 2075 crimen„
1220 2019 1281 2082 quo

168 2102 466 2186 Schweighaeuserus
491 2100 665 2185 scriptorem
688 2101 798 2165 frustra
820 2101 945 2166 liberare
968 2111 1101 2168 conatur.
1138 2104 1210 2191 Cap.
1234 2108 1278 2171 45

167 2212 236 2276 libri
260 2211 277 2275 I
312 2213 421 2276 Caesar
444 2233 537 2295 prope
560 2212 685 2275 Acerras
711 2218 775 2289 est,
801 2233 864 2297 cap.
882 2215 925 2276 48
950 2235 1020 2277 vero
1050 2215 1179 2280 eundem
1196 2217 1279 2303 apud

167 2324 314 2386 Asculum
337 2321 525 2398 invenimus,
549 2319 619 2398 ubi,
642 2328 677 2385 ut
702 2321 855 2400 vidimus,
872 2321 1050 2409 Pompeium
1066 2326 1176 2390 versari
1198 2326 1280 2392 dixe-

167 2442 212 2497 rat
234 2433 391 2518 Appianus
408 2432 452 2516 7).
498 2430 605 2516 Neque
629 2432 701 2495 satis
726 2431 886 2517 diligenter
908 2435 1049 2519 exposuit
1064 2435 1223 2521 Appianus
1239 2436 1277 2502 de

166 2544 264 2608 Mario
284 2542 412 2627 profugo
429 2548 458 2605 et
479 2539 645 2620 oberrante,
669 2542 722 2626 qui
735 2542 889 2626 quomodo
909 2542 1081 2607 Minturnas
1099 2546 1277 2630 pervenerit,

168 2653 250 2718 haud
275 2651 426 2729 ostendit,
452 2649 656 2735 absurdacquc
676 2672 781 2715 causac
805 2651 870 2715 eius
895 2651 1060 2718 discessum
1075 2677 1112 2718 ex
1128 2655 1180 2719 illa
1202 2657 1278 2722 urbe

164 2762 270 2826 tribuit
306 2783 433 2845 eumque
467 2759 558 2823 semel
597 2759 687 2823 modo
722 2761 756 2825 in
779 2761 910 2826 insulam
933 2762 1083 2846 quandam
1106 2767 1276 2832 escendisse

164 2879 250 2958 putat
264 2874 303 2952 6).
349 2868 448 2933 Multo
479 2868 647 2933 accuratius
682 2870 738 2933 iter
765 2869 843 2934 illud
878 2878 1052 2956 persecutus
1082 2881 1132 2940 est
1161 2875 1279 2943 Plutar-

218 3232 243 3290 1)
278 3225 312 3275 Β.
333 3226 467 3287 e.1,21.

215 3319 242 3375 2)
278 3312 337 3361 Cic.
352 3327 398 3376 pre
417 3309 485 3361 Sene.
503 3313 544 3360 25.
568 3339 600 3349 —
624 3313 688 3362 Liv.
707 3329 745 3378 ep.
768 3315 809 3364 60.
827 3342 859 3352 -
883 3317 990 3366 Ascon.
1009 3317 1035 3366 in
1053 3318 1175 3370 Pison.4
1199 3319 1278 3372 orell.

162 3415 186 3461 p.
205 3397 237 3455 9,
256 3393 338 3445 Schol.
348 3396 464 3446 Batiana.
477 3396 502 3445 ia
515 3395 583 3448 Saet.
597 3399 638 3457 25,
655 3399 688 3447 48
701 3397 777 3447 Orell.
790 3415 814 3464 p.
824 3400 886 3458 300,
897 3401 955 3452 363.
967 3428 1001 3439 -
1019 3402 1101 3453 Plut.
1124 3404 1152 3454 0.
1169 3406 1273 3458 Greeeh.

163 3481 185 3529 5.
204 3508 237 3517 -
256 3479 300 3528 cff.
318 3481 449 3538 Walter,
476 3480 506 3539 1,
529 3497 553 3545 p.
572 3481 620 3530 356
639 3485 663 3531 ct
679 3482 764 3531 Nieb.
789 3481 866 3532 Verte.
884 3485 927 3543 11,
945 3502 969 3551 p.
987 3487 1045 3536 292.

213 3568 241 3620 3)
278 3563 311 3612 Β.
335 3563 360 3614 C.
380 3565 404 3622 l,
428 3562 468 3614 27.
493 3594 525 3605 -
550 3565 594 3614 Off.
618 3565 792 3631 Schweigh.
816 3567 845 3616 ad
868 3569 892 3617 h.
911 3570 947 3628 1.;
973 3570 1074 3621 Drum.
1092 3573 1145 3632 IV,
1163 3590 1187 3639 p.
1207 3576 1275 3636 693,

161 3657 211 3700 not.
230 3648 276 3708 703
292 3648 413 3697 Walter
429 3650 455 3707 1,
473 3664 496 3714 p.
507 3649 570 3708 294,
588 3653 638 3698 not.
657 3654 703 3708 ⁵⁵5
721 3668 744 3716 p.
760 3653 823 3711 295,
841 3657 891 3702 not.
904 3654 936 3702 al
963 3658 986 3703 et
1012 3655 1124 3715 Kiene,
1143 3655 1274 3712 dchdm.

161 3733 420 3799 Bendesqeaoaacalcr.
444 3749 468 3798 p.
489 3732 536 3784 127
555 3750 590 3799 sq.

211 3821 239 3881 4)
272 3818 377 3866 Front.
398 3815 473 3867 δῖναι.
492 3817 549 3875 ΙΙΙ,
570 3816 609 3868 17.
681 3818 768 3868 Oros.
788 3819 830 3877 V,
852 3822 889 3868 18.

212 3905 238 3963 5)
273 3903 344 3965 App.
365 3898 398 3948 B.
420 3899 445 3952 C.
465 3900 553 3959 I,47.

211 3987 239 4049 6)
272 3987 340 4033 Liv.
357 4002 393 4048 ep.
414 3983 596 4035 76.-Vell.
615 3988 679 4035 Pat.
699 3987 741 4046 ΙΙ,
760 3989 968 4041 2l.-—Valer.
986 3993 1062 4042 Max.
1080 3994 1132 4053 IX,
1152 3995 1271 4058 959.-

160 4071 314 4127 r¹1or.111,
337 4071 373 4118 18.
392 4096 425 4106 -
443 4070 520 4119 Plut.
540 4071 627 4135 Pomp.
646 4074 670 4120 4.
689 4099 722 4108 ·-
747 4073 822 4121 Gall.
841 4074 902 4133 XV,
920 4080 944 4125 4.
963 4105 995 4113 -
1032 4078 1118 4128 Oros.
1137 4078 1175 4139 V,
1198 4083 1235 4131 18.

212 4152 240 4216 7)
275 4152 308 4202 B.
330 4153 355 4202 Ο.
376 4156 401 4211 Ι,
419 4152 460 4204 47.
481 4155 579 4204 -Non
597 4157 661 4204 enim
679 4159 765 4206 accedo
784 4161 914 4209 sententiaa
931 4162 1153 4225 Schweighaeuscri
1171 4166 1200 4214 ad
1218 4183 1270 4232 cap.

128 4268 136 4277 ·
160 4242 192 4289 48
211 4240 341 4304 opinantis,
372 4237 410 4287 hic
440 4241 513 4288 verba
540 4242 655 4304 qrraedurn
682 4243 832 4294 intercidisse
857 4251 880 4295 et
903 4247 948 4296 hac
972 4249 1084 4312 opinione
1105 4250 1152 4299 nisi
1174 4266 1270 4301 sensum

160 4325 286 4374 restituere
303 4323 422 4371 tentantis.

214 4408 240 4471 a)
277 4405 309 4454 Β.
331 4406 356 4456 e.
377 4406 469 4464 r,c1‚
491 4408 530 4456 aa.
