2790 5152
669 209 711 272 86

134 407 210 472 liber
234 409 351 473 tertius.
398 409 564 493 Postquam
589 408 736 485 narravit,
759 405 868 495 Lepidi
890 406 1000 470 milites
1025 406 1161 470 Antonio
1186 427 1247 469 eas-

136 524 251 582 trorum
275 525 376 605 portas
400 518 571 605 aperuisse,
593 516 803 604 Lepidumque
826 517 1005 581 discinctum
1026 539 1042 580 e
1071 515 1163 580 cubili
1180 538 1247 601 pro·

133 628 252 694 siluisse
276 636 305 693 et
328 628 518 716 complexum
542 651 607 692 esse
629 627 818 706 Antonium,
842 626 945 706 addit,
969 648 1031 690 non
1054 625 1177 702 deesse,
1194 624 1248 708 qui

134 737 275 817 tradant,
312 761 382 803 eum
417 739 582 825 supplicem
611 737 752 802 accidisse
789 735 914 822 genibus
944 736 1088 814 Antonii,
1125 757 1248 820 segnem

134 848 245 934 quippe
269 848 423 913 hominem
450 848 631 933 minimeque
654 847 770 911 fortem.
807 846 886 925 Sed,
910 846 967 925 ait,
991 847 1023 910 id
1049 846 1171 931 quidem
1193 864 1249 909 nco

134 980 238 1023 omnes
255 959 414 1044 scriptores
430 958 580 1045 probant,
604 979 660 1023 nec
675 957 750 1030 mihi
762 958 796 1021 fit
814 957 988 1022 verisimile:
1012 957 1148 1021 nondum
1167 955 1248 1020 enim

133 1067 296 1152 quidquam
320 1068 428 1134 hostile
452 1074 554 1133 contra
576 1069 745 1132 Antonium
769 1068 877 1132 fecerat
899 1068 1051 1152 Lepidus,
1070 1090 1124 1131 eur
1141 1068 1246 1131 timere

133 1176 254 1242 deberet
270 1182 309 1260 1).
356 1179 520 1243 Vem'ssime
556 1185 659 1242 monet
693 1176 847 1262 Eggerus,
871 1178 1067 1263 Appianum,
1091 1178 1116 1240 si
1152 1199 1249 1240 unum

133 1286 308 1372 protulisset
331 1294 459 1368 testem,
482 1289 606 1354 fortasse
631 1311 752 1352 omnem
775 1287 992 1352 dubitationem
1012 1287 1049 1352 de
1070 1286 1178 1372 Lepidi
1202 1309 1250 1349 so·

135 1398 235 1462 cordia
259 1398 449 1464 sublaturum
472 1400 586 1478 fuisse,
618 1399 671 1462 scd
707 1398 857 1484 quomodo
893 1398 1026 1462 criticam
1049 1403 1143 1461 artem
1168 1416 1250 1459 exer·

135 1511 238 1589 cuerit,
258 1532 313 1573 nos
329 1510 504 1596 plerumque
517 1508 658 1574 celavisse
672 1512 712 1593 2).
736 1509 812 1573 Rem
828 1530 948 1594 quoque
960 1507 1082 1572 dubiam
1106 1505 1251 1591 relinquit

137 1619 318 1705 Appianus,
342 1618 395 1682 ubi
418 1619 481 1703 agit
505 1618 543 1682 de
562 1618 711 1703 Scipionis
727 1624 843 1696 morte,
865 1618 926 1681 sive
944 1617 1098 1681 Corneliae
1120 1617 1249 1696 insidiis,

135 1728 196 1793 sive
220 1728 280 1814 ipsi
304 1728 460 1814 Scipioni,
486 1729 547 1793 sive
572 1729 685 1813 ignotis
717 1727 899 1813 quibusdam
923 1727 1083 1792 tribuenda
1096 1729 1139 1811 3).
1186 1727 1249 1791 Ne·

133 1838 245 1902 minem
268 1839 306 1902 de
322 1860 411 1901 eausa
428 1838 569 1923 Capitolii
586 1838 734 1902 combusti
751 1845 824 1902 tuuc
842 1845 956 1902 certum
972 1838 1133 1923 quidquam
1147 1837 1249 1923 explo-

133 1954 232 2013 ratum
248 1948 388 2013 habuisse
396 1998 405 2026 ,
413 1971 468 2012 nee
481 1971 544 2012 sese
556 1969 639 2011 nunc
658 1948 826 2012 coniectura
837 1947 956 2031 assequi
969 1968 1058 2031 posse
1070 1945 1249 2033 affirmstJA),

135 2058 166 2122 id
191 2059 274 2143 quod
290 2057 529 2144 discrepantibus
546 2064 712 2122 ceterorum
736 2059 919 2142 scriptorum
942 2057 1121 2121 testimoniis
1143 2057 1247 2123 incen-

135 2169 221 2232 dium
248 2174 300 2232 aut
328 2167 482 2244 Sullanis,
499 2172 551 2230 aut
566 2167 710 2231 Marianis
728 2165 959 2230 adscribentium
984 2166 1193 2232 corroboratur
1207 2169 1249 2252 5).

133 2277 168 2342 L.
194 2277 334 2363 Scipione
357 2276 394 2340 ad
420 2277 604 2360 colloquium
628 2298 698 2340 cum
722 2276 805 2340 Sulla
828 2278 861 2340 in
886 2299 1026 2362 campum
1050 2277 1250 2346 descendente

134 2388 238 2465 refert,
263 2387 414 2472 utrimque
439 2387 614 2450 convenisse
637 2394 761 2465 ternos,
787 2408 846 2471 quo
870 2387 983 2450 factum
1000 2410 1079 2465 esse,
1103 2397 1139 2452 ut
1153 2391 1247 2476 vulgo

133 2499 312 2576 nesciretur,
345 2496 417 2582 quid
447 2497 590 2562 collocuti
628 2497 688 2562 sint
702 2500 741 2582 6).
790 2498 883 2562 Caute
919 2504 1042 2576 monet,
1077 2499 1108 2562 iu
1143 2522 1248 2586 pugne

132 2614 284 2693 postrema
308 2608 441 2693 Spartaci
473 2608 669 2692 fugitivorum
693 2615 823 2692 stragem
849 2613 963 2671 tantam
976 2607 1101 2686 luisse,
1125 2615 1160 2672 ut
1191 2632 1246 2674 uu·

188 2849 213 2907 r)
249 2847 283 2896 n.
303 2847 331 2895 c.
352 2847 407 2905 ru,
426 2849 466 2895 ea.
484 2873 518 2883 -
536 2845 597 2894 viu.
613 2847 659 2894 aua
677 2847 784 2911 exempla
807 2823 841 2896 13]
858 2849 885 2896 c.
904 2847 956 2905 iv,
977 2849 991 2895 c
1010 2851 1034 2896 er
1055 2851 1108 2896 ur.

186 2931 214 2991 2)
247 2931 410 2995 Eggcr,p.
431 2931 488 2979 253.

185 3015 211 3076 3)
249 3015 283 3063 B.
303 3015 330 3063 C.
349 3015 379 3073 1,
399 3015 440 3064 20.
456 3039 491 3052 —·-
513 3015 551 3063 Dc
575 3031 622 3062 una
648 3014 735 3064 harum
753 3030 878 3064 causarum
896 3032 951 3064 cum
969 3016 1078 3081 Appiano
1097 3017 1249 3067 consentiunt

132 3100 194 3147 Liv.
215 3115 252 3163 ep.
272 3101 303 3148 59
322 3102 346 3147 ct
363 3098 450 3148 Oros.
470 3098 502 3156 V,
524 3099 561 3147 10.
598 3098 662 3147 Cic.
679 3097 714 3146 od
738 3098 790 3148 Au.
809 3099 877 3157 X‚8
903 3104 926 3148 ct
941 3117 988 3165 pro
1008 3099 1096 3148 Milon.
1116 3099 1130 3150 7
1150 3101 1248 3150 denotet

132 3187 235 3232 mortem
262 3183 402 3241 violentum,
436 3183 476 3232 sed
502 3183 532 3231 ad
565 3183 626 3231 Dio.
654 3183 702 3242 IX,
722 3185 768 3242 213
793 3182 823 3232 dc
850 3182 918 3233 Orat.
947 3185 988 3243 Il,
1016 3187 1049 3234 40
1067 3184 1143 3233 etad
1163 3182 1252 3241 Quini.

125 3271 208 3334 faur.
228 3269 267 3326 ΙΙ,
297 3269 310 3315 3
335 3268 487 3332 suspicatur,
507 3268 533 3316 C.
554 3268 688 3316 Carbonem
706 3269 842 3333 Scipionem
861 3269 983 3317 occidisse.
1018 3268 1100 3317 Vell.
1125 3269 1249 3320 Puterc.

132 3353 240 3416 loquitur
267 3353 295 3400 dc
321 3356 398 3400 morto
421 3351 485 3401 haud
510 3352 652 3409 immatura,
679 3369 762 3401 vorum
780 3353 852 3401 simul
870 3353 998 3402 vulnerum
1015 3353 1134 3402 meminit.
1168 3353 1206 3402 De
1225 3355 1250 3404 vi

134 3439 223 3501 cogitat
248 3437 319 3485 etium
350 3437 454 3486 Valer.
478 3437 554 3485 Aiax.
581 3437 620 3495 V,
645 3438 676 3494 3,
702 3444 724 3485 2.
761 3438 797 3485 Cf.
818 3437 896 3485 Plin.
924 3437 998 3496 Vll,
1016 3441 1058 3486 44.
1093 3439 1159 3487 Alias
1177 3455 1251 3503 quarn

134 3523 257 3586 Appianus
275 3521 421 3586 suspiciones
439 3523 506 3570 affert
524 3521 603 3570 Plut.
624 3522 654 3591 C.¹
673 3521 774 3571 Grucclr.
797 3524 843 3580 10,
862 3539 946 3570 verum
965 3539 1024 3586 quac
1046 3522 1116 3572 Itoni.
1136 3522 1167 3574 27
1183 3541 1249 3573 com·

138 3609 256 3654 memorat
274 3606 337 3654 haud
355 3607 380 3655 in
398 3607 597 3655 diversuubeunt.
616 3608 721 3655 blortem
745 3607 848 3656 subitum
867 3608 938 3657 habet
961 3605 1000 3672 (A.
1021 3607 1064 3668 V.)
1084 3607 1107 3656 cl.
1126 3626 1147 3657 v.
1160 3609 1175 3657 i.
1208 3612 1248 3659 58.

134 3689 193 3738 Vid.
212 3690 307 3738 tandem
325 3691 471 3756 Ammiun.
497 3690 637 3738 Marcell.
663 3690 747 3749 XXV,
771 3693 807 3740 10,
844 3693 887 3740 Off.
906 3692 1000 3741 Beier
1018 3691 1053 3740 ad
1080 3691 1155 3742 Cicer.
1175 3692 1247 3744 Luat.

135 3779 159 3823 ct
177 3774 324 3832 Gerlach,
344 3774 387 3823 dor
407 3772 462 3824 Tod
481 3774 523 3823 des
543 3775 575 3824 P.
601 3775 670 3824 Corn.
691 3773 778 3839 Scipio
796 3775 955 3824 Acrnr'liaaus.

185 3860 213 3921 4)
252 3859 502 3917 13.0.1,83,8u

188 3947 214 4006 5)
249 3944 270 3992 Ε
294 3945 367 3992 variis
393 3945 549 4002 rumoribus,
577 3961 635 4009 quos
661 3945 736 4008 App.
764 3945 861 4002 laudat,
888 3961 949 3993 uuus
974 3961 1067 4009 quoquc
1086 3946 1148 4010 apud
1166 3946 1251 3996 Plut.

138 4027 199 4077 Sull.
220 4027 251 4079 27
270 4029 397 4076 invenitur.
414 4056 449 4064 —-
462 4029 505 4077 Cff.
525 4029 586 4077 Cio.
606 4029 632 4077 in
651 4027 706 4078 Cot.
726 4028 783 4086 ΙΙΙ,
801 4031 832 4086 4ις
852 4029 877 4076 in
901 4028 971 4078 l'crr.
990 4030 1043 4087 IV,
1063 4031 1102 4088 313
1121 4030 1249 4094 Dionys.

136 4114 236 4162 llalie.
257 4113 311 4171 IV,
331 4114 379 4170 61,
398 4114 437 4171 623
474 4113 552 4160 Plin.
572 4101 1031 4186 Htsr.Nrrrlxxxllmmuacit.
1051 4115 1249 4174 Aara.Vl,12;

136 4198 205 4246 llis-t.
226 4198 284 4246 llI:
305 4195 337 4246 72
356 4198 455 4253 „fraude
472 4197 591 4260 pr·ivutu.''

188 4287 215 4342 (l)
251 4284 278 4330 u.
299 4284 324 4330 C.
346 4283 370 4339 1,
390 4285 429 4329 Sir.
448 4309 481 4317 —-
499 4283 673 4345 Argumentum
698 4282 810 4347 colloquii
838 4283 900 4331 luuul
927 4299 940 4330 u
972 4281 1021 4328 ucri
1040 4281 1118 4344 specie
1137 4281 1252 4331 abludcns

135 4370 229 4417 cullibet
248 4369 308 4416 Cic.
331 4366 397 4417 Phil·
418 4367 484 4424 Xll,
508 4371 544 4414 ll.
