2790 5152
688 225 730 288 10

248 422 414 505 Quaedam,
449 423 504 486 etsi
535 422 690 509 pauciora,
726 421 858 487 Sallustii
899 421 1065 507 fragmenta
1091 421 1140 504 ,de
1176 421 1259 488 bello

147 533 299 618 Spartacio
318 555 374 596 nos
391 531 496 596 eodem
519 532 609 596 modo
634 532 760 611 docent,
783 532 971 618 Appianum,
995 539 1135 617 quantum
1156 533 1259 598 videre

145 640 231 721 licet,
266 641 346 706 hune
377 642 551 726 scriptorem
575 664 637 705 non
661 664 825 728 usurpasse.
850 640 1004 705 Sallustius
1029 640 1145 706 uberius
1169 665 1259 729 expo·

146 759 243 816 suerat
266 753 378 831 clades,
406 757 474 839 post
497 753 660 836 legatorum
682 751 886 816 Romanorum
916 773 982 815 eum
1006 732 1147 838 Spartaco
1170 774 1258 840 proe-

144 860 185 926 lia
204 863 234 947 1)
269 862 328 947 ipsi
363 861 491 947 praetori
527 861 653 925 Varinio
676 860 714 925 ab
737 860 792 924 illo
815 860 930 940 illatas,
954 867 1040 946 atque
1064 861 1257 946 fugitivorum

144 993 278 1036 successu
301 971 445 1036 elatorum
466 971 623 1035 libidinem
653 971 860 1055 avaritiamque
879 972 919 1055 2).
958 970 1069 1035 Verum
1099 971 1255 1058 Appianas

142 1080 300 1145 Varinium
322 1103 426 1167 parum
448 1103 589 1167 prospere
612 1102 759 1166 pugnasse
779 1102 901 1165 eumque
921 1080 1010 1144 etiarn
1026 1102 1101 1165 equo
1120 1081 1254 1167 Spartaci

142 1190 270 1276 potitum
292 1213 356 1255 esse
380 1190 476 1256 obiter
498 1197 614 1255 tantum
636 1197 753 1269 narrat,
777 1190 983 1275 tantillumque
1010 1190 1158 1270 abluisse,
1182 1192 1255 1277 quin

141 1305 260 1385 praetor
282 1300 433 1364 Romanus
458 1324 476 1365 a
499 1300 663 1386 gladiatore
686 1307 838 1387 caperetur
851 1302 892 1385 3).
940 1300 1029 1382 Quod
1051 1300 1158 1365 Florus
1181 1302 1252 1366 item

141 1417 286 1474 memorat
323 1410 445 1475 nomine
481 1411 572 1476 modo
605 1410 722 1475 Varinii
758 1411 869 1475 omisso
887 1414 928 1496 4).
975 1410 1132 1477 Sallustius
1163 1432 1264 1476 unum

141 1517 345 1604 lugitivorum,
369 1520 428 1585 loci
453 1544 592 1606 gnarum,
615 1521 809 1608 Publiporem
821 1571 830 1600 ,
854 1521 1022 1586 constitisse
1045 1522 1078 1585 in
1101 1543 1173 1607 agro
1195 1521 1254 1586 Lu·

142 1650 215 1692 cano
239 1628 313 1694 dicit
326 1632 375 1716 5),
399 1630 479 1715 quod
502 1631 635 1696 Kritzius
658 1637 728 1718 post
751 1631 834 1696 Crixi
859 1630 974 1696 cladem
989 1633 1020 1716 6)
1047 1631 1157 1695 factum
1179 1631 1253 1695 veri·

142 1737 327 1803 simillimum
354 1739 513 1804 existimat.
560 1739 637 1805 Utut
672 1746 733 1820 est,
768 1739 899 1805 hominis
930 1739 1010 1804 illius
1033 1719 1094 1805 nori
1116 1739 1253 1805 meminit

139 1848 303 1934 Appianus.

653 2105 741 2189 aa.

145 2303 317 2386 Quaeritur,
352 2312 448 2370 mtmem
482 2307 635 2389 Applcmm
675 2308 856 2387 Strabonem,
892 2330 931 2370 cm
975 2306 1177 2386 Pendentem,
1212 2331 1252 2372 um

188 2415 340 2498 Nepotem,
363 2439 403 2480 um
430 2416 570 2499 Oppiam,
593 2416 730 2483 Ialumme
741 2467 751 2497 ,
773 2441 814 2482 aa
836 2417 1021 2483 Fenestellam
1044 2420 1224 2484 1051110111.Ι

243 2620 342 2686 Sullae
365 2623 593 2690 commentarios
621 2622 771 2708 excipiant
793 2621 972 2688 Posidonius
989 2631 1019 2688 et
1033 2622 1154 2702 Strabo,
1179 2645 1250 2707 quo·

142 2752 208 2794 rum
229 2736 350 2816 uterque
361 2781 371 2811 ,
393 2731 553 2817 Polybium
573 2733 770 2811 continuans,
793 2755 841 2797 res
864 2733 925 2796 fere
940 2733 1058 2799 easdem
1073 2733 1247 2820 descripsit,

143 2840 203 2904 nisi
219 2840 298 2926 quod
313 2841 420 2907 Strabo
442 2841 530 2929 paulo
554 2842 641 2906 altius
664 2841 826 2906 descendit.
865 2842 945 2906 Dum
968 2842 1048 2907 enim
1069 2843 1262 2908 Posidonius

142 2949 174 3012 in
198 2971 278 3013 anuo
304 2953 346 3014 63
372 2974 397 3016 a.
422 2951 455 3016 0.
479 2951 602 3016 desiisse
621 2951 736 3016 uidetur
751 2953 798 3036 7),
814 2951 990 3017 Strabonem
1005 2952 1143 3017 historias
1159 2975 1250 3038 usque

141 3059 180 3123 ad
204 3060 336 3125 (laeseris
356 3061 477 3126 eaedem
497 3061 654 3126 deduxisse
677 3084 693 3125 e
716 3061 891 3142 Plutarcho,
908 3063 957 3148 qui
972 3063 1119 3128 interdurn
1134 3063 1250 3128 adeius

141 3171 346 3235 auctoritatem
372 3178 514 3258 provocat
528 3173 576 3256 8),
600 3174 732 3257 patere).
779 3172 827 3237 De
856 3172 1000 3238 Strabone
1029 3172 1114 3259 plura
1141 3173 1250 3238 addere

141 3277 217 3342 nihil
241 3279 356 3345 attinet.
391 3280 450 3345 Sed
470 3281 575 3365 siquis
592 3303 659 3346 eum
678 3280 844 3346 Niebuhrio
864 3282 987 3367 aliisque
1002 3284 1055 3368 10)
1078 3283 1250 3369 Appianum

140 3388 303 3454 Posidonio
325 3391 419 3455 multa
445 3397 566 3478 accepta
587 3391 695 3456 referre
722 3391 887 3478 putaverit,
918 3414 967 3456 me
990 3414 1052 3456 non
1075 3391 1250 3458 dissentien-

174 3618 199 3678 1)
232 3617 313 3667 Plut.
328 3615 412 3667 Oresa.
431 3618 456 3666 0.
490 3618 515 3679 2)
532 3617 604 3666 Sall.
619 3617 685 3667 Hiar.
695 3633 734 3683 ap.
750 3616 818 3668 Gerl.
830 3618 851 3676 I,
863 3633 886 3682 p.
897 3617 955 3678 253,
965 3619 1022 3678 254,
1036 3617 1116 3669 Kritz.
1123 3615 1197 3685 pall
1207 3634 1242 3683 sq.

173 3703 199 3764 3)
232 3702 304 3768 App.
322 3702 357 3752 B.
377 3701 553 3760 Civ.1,116.
622 3703 648 3763 4)
682 3701 899 3762 monimen.

174 3788 198 3847 5)
232 3786 305 3836 Sall.
332 3785 401 3835 Hist.
426 3787 457 3835 fr.
481 3785 568 3845 ΙΙΙ,3
594 3802 632 3851 ap.
662 3783 729 3835 Gerl.
747 3786 773 3846 Ι,
799 3804 823 3852 p.
842 3788 908 3846 230,
935 3788 1014 3838 Kritz.
1039 3804 1064 3855 p.
1083 3785 1148 3847 270,
1178 3801 1248 3852 quem

139 3870 201 3920 vide.
218 3895 253 3909 -
269 3870 342 3920 Aliud
358 3869 494 3936 exemplum
510 3869 610 3934 praebet
625 3869 784 3929 Kritzius,
800 3887 825 3936 p.
844 3871 901 3920 332.

172 3955 197 4016 0)
231 3956 303 4020 App.
321 3954 350 4012 1,
369 3949 574 4004 117.-P1ut.
593 3952 678 4016 Pomp.
698 3954 738 4003 21.
767 3952 848 4004 Oresa.
867 3953 909 4004 11.

172 4037 197 4100 7)
231 4038 368 4096 Haeren,
386 4053 410 4103 p.
428 4032 460 4087 97
478 4053 514 4102 sq.
530 4061 565 4075 ·-
582 4036 710 4087 Seboell
727 4038 770 4097 ΙΙ,
787 4054 812 4103 p.
830 4038 895 4099 360,
914 4037 972 4090 739.

171 4125 196 4183 3)
230 4122 311 4171 Plut.
329 4118 392 4171 Sall.
413 4120 462 4180 26,
480 4117 577 4171 Lucull.
596 4121 637 4172 28.
653 4146 688 4161 -·
704 4110 886 4190 11111511).
905 4124 963 4175 100.

171 4209 196 4268 9)
230 4205 310 4255 Plut.
334 4203 403 4256 Caes.
422 4205 463 4255 63.

168 4293 210 4352 10)
243 4291 327 4340 Nieb.
351 4289 842 4358 71111110,251-111111,
871 4293 915 4342 der
940 4298 998 4342 ro‘m.
1017 4288 1243 4356 Buadespeaosaen·

134 4378 219 4442 krlep,
237 4393 259 4443 p.
278 4376 334 4426 318.
