2790 5152
670 326 714 388 46

130 525 269 612 Appiano
294 524 453 586 traduntur
464 571 473 600 ,
498 528 533 585 ut
557 522 690 586 Caesaris
715 523 926 586 commentario
950 524 1138 588 fundamenti
1154 527 1247 589 instar

133 639 338 720 superstructa
361 654 425 696 esse
448 632 629 710 videantur,
657 632 710 696 sed
734 633 776 697 ita
800 654 921 716 quoque
944 631 982 696 ab
1006 633 1063 696 hoc
1090 634 1247 711 differunt,

134 754 170 808 ut
194 744 367 828 scriptorem
403 741 494 805 simul
525 742 599 805 alios
624 749 758 806 auctores
782 743 814 805 in
837 750 935 828 partes
961 765 1104 822 vocasse,
1128 767 1248 808 necesse

135 855 183 919 sit.
232 853 323 934 Quod
355 853 398 914 ita
421 875 485 916 esse
510 852 607 936 quivis
632 852 825 931 intellexerit,
850 853 876 916 si
899 853 1161 932 animadverterit,
1184 854 1251 939 Ap
1337 924 1339 927 ,

136 965 260 1051 pianum
292 962 414 1047 quidem
438 984 507 1025 cum
531 962 656 1026 Caesare
693 971 905 1046 congruentem
941 984 1077 1040 narrare,
1100 963 1251 1027 Petreium

135 1077 169 1139 in
192 1072 341 1158 Hispania
371 1070 528 1134 bellantem
562 1071 681 1135 Caesari
716 1071 793 1135 hanc
829 1072 981 1156 regionem
1012 1071 1145 1137 noluisse
1181 1095 1251 1136 con-

138 1183 263 1259 cedere,
296 1180 348 1245 sed
380 1180 465 1243 aliter
486 1202 577 1264 quam
601 1176 760 1245 Caesarem
782 1179 916 1259 habere,
940 1181 1091 1246 Petreium
1114 1203 1211 1245 unum
1235 1203 1251 1243 a

139 1292 203 1356 suis
239 1289 368 1354 tribunis
405 1288 595 1368 confodisse,
619 1296 709 1374 atque
734 1290 902 1369 omittere,
914 1292 1074 1377 plerosque
1098 1289 1250 1356 Caesaria-

141 1423 250 1465 norum
263 1424 280 1464 a
291 1398 482 1484 Pompeianis
499 1398 609 1463 celatos
625 1405 777 1484 noctuque
797 1424 850 1486 per
865 1401 977 1466 vallum
994 1387 1117 1464 emissos
1133 1423 1197 1466 esse
1213 1402 1253 1484 Ι).

142 1511 192 1576 Sic
225 1507 313 1574 ambo
348 1507 541 1572 consentiunt
563 1507 600 1570 de
624 1531 749 1573 numero
773 1510 930 1594 legionum
953 1517 983 1574 et
1006 1511 1127 1574 navium
1150 1510 1253 1593 longa·

142 1643 230 1698 mm,
267 1618 447 1703 quibuscum
476 1614 571 1682 Curio
610 1641 647 1682 ex
682 1619 784 1684 Sicilia
817 1621 848 1683 in
871 1617 1010 1685 Africam
1033 1622 1184 1706 profectus
1209 1624 1254 1682 est

142 1733 274 1814 itemque
299 1728 335 1792 de
360 1729 504 1793 sexcentis
529 1728 641 1792 ellari
666 1731 800 1793 exercitu
822 1730 937 1815 proelio
962 1731 1071 1808 caesis,
1095 1730 1148 1793 sed
1171 1729 1252 1814 apud

146 1839 306 1906 Caesarem
341 1839 427 1902 deest
453 1837 611 1902 historiola
635 1838 672 1902 dc
696 1861 774 1923 aqua
797 1862 912 1903 veneno
935 1841 1047 1903 infacta
1070 1839 1253 1924 morbosque

145 1953 179 2015 in
195 1949 326 2014 exercitu
349 1949 482 2034 pariente
496 1951 536 2028 2).
554 1945 617 2013 Cui
632 1947 698 2012 loco
715 1950 902 2013 simillimum
917 1956 991 2035 puto
1011 1973 1091 2028 eum,
1108 1949 1163 2013 ubi
1181 1949 1256 2015 Cae·

147 2060 223 2124 saris
248 2059 393 2123 exercitus
415 2059 492 2122 fame
515 2057 669 2122 laborasse
692 2063 722 2122 et
745 2081 781 2122 ex
804 2059 964 2123 herbarum
981 2058 1132 2123 radicibus
1148 2081 1256 2143 panem

148 2170 310 2234 confecisse
333 2168 371 2233 ab
395 2175 523 2253 utroque
553 2167 682 2246 dicitur,
707 2169 760 2232 sed
784 2169 868 2234 solus
892 2170 1056 2255 Appianus
1079 2168 1258 2252 Pompeium

150 2283 208 2346 hoc
238 2279 340 2344 audito
373 2300 466 2358 „cum
498 2276 638 2363 qualibus
666 2277 770 2344 bestiis
793 2279 883 2344 nobis
907 2279 1021 2343 bellum
1045 2280 1137 2343 estl’'
1162 2278 1258 2342 excla-

152 2413 251 2456 masse
275 2389 317 2452 ait
335 2391 375 2471 3).

251 2497 408 2563 Eiusmodi
432 2497 505 2582 quid
528 2498 628 2563 videas
652 2499 684 2562 in
708 2499 906 2585 descriptione
929 2523 1047 2585 pugnae
1077 2500 1157 2585 apud
1180 2499 1258 2584 Dyr·

152 2611 308 2675 rhachium
325 2608 380 2692 4),
404 2607 437 2670 iu
461 2630 520 2692 qua
544 2607 614 2671 licet
645 2609 791 2693 quaedam
822 2610 1031 2675 convenienter
1055 2615 1257 2694 exponantur,

152 2722 211 2786 alia
245 2719 381 2795 variant,
421 2740 449 2781 v.
474 2739 490 2780 c
527 2718 748 2783 narratiuncula
785 2718 822 2782 de
853 2719 993 2803 signifero
1037 2719 1167 2803 quodam
1202 2720 1261 2809 sig·

155 2832 262 2913 nisque
293 2827 433 2912 proiectis
463 2848 497 2889 ac
532 2848 674 2890 numerus
699 2828 854 2911 signorum
876 2829 1066 2908 militarium,
1091 2851 1166 2913 quae
1191 2830 1261 2893 Cae-

155 2963 203 3004 sar
238 2936 369 3001 amiserit
404 2956 539 3018 quaeque
583 2934 692 2998 Caesar
731 2942 761 2999 et
794 2935 975 3002 Plutarchus
1015 2938 1139 3023 triginta
1174 2938 1261 3016 duo,

155 3048 316 3134 Appianus
339 3044 563 3127 duodetriginta
599 3066 723 3109 numero
755 3046 849 3111 luisse
882 3046 975 3110 tradit
992 3050 1031 3130 5).
1078 3048 1156 3110 Tum
1191 3047 1262 3112 Cae-

155 3181 252 3225 sarem
287 3156 399 3220 Romae
429 3176 475 3217 res
511 3153 640 3217 urbanas
669 3155 842 3235 ordinasse,
873 3163 1071 3243 congruenter
1106 3164 1261 3236 enarrant,

157 3269 210 3333 sed
245 3265 405 3351 Appianus
446 3264 533 3349 plura
573 3266 695 3349 negotia
728 3265 766 3330 ab
802 3289 836 3330 eo
879 3267 1012 3332 conlecta
1050 3268 1135 3331 affert
1174 3290 1264 3352 quam

158 3380 266 3445 Caesar
284 3378 323 3458 6).
379 3373 484 3454 Quum
518 3397 607 3459 porro
642 3382 765 3461 uterque
796 3377 942 3455 affirmet,
974 3377 1151 3464 Pompeium
1181 3376 1263 3464 apud

157 3486 335 3553 Pharsalum
360 3485 422 3548 suis
446 3485 651 3570 praecepisse,
675 3508 768 3550 nese
792 3507 846 3549 suo
870 3486 937 3550 loco
973 3492 1134 3564 moverent,
1158 3485 1266 3549 Caesar

159 3598 236 3662 illud
259 3596 345 3659 initio
369 3616 488 3680 pugnae
512 3594 624 3658 iactum
648 3617 713 3659 esse
742 3595 906 3674 contendit,
922 3595 1004 3680 quod
1022 3595 1120 3659 medio
1144 3596 1266 3660 demum

160 3706 274 3794 proeho
307 3704 505 3787 Pompeianos
537 3703 658 3769 iubente
689 3706 865 3793 imperatore
889 3706 992 3770 fecisse
1004 3755 1013 3784 ,
1037 3705 1140 3769 scribit
1169 3706 1266 3794 Appi·

161 3839 236 3881 anus
257 3816 294 3897 7).
350 3812 484 3876 Tandem
501 3835 539 3876 ne
563 3814 664 3877 omnia
686 3815 834 3880 adducere
850 3814 964 3893 videar,
990 3815 1072 3879 haud
1095 3817 1167 3879 satis
1190 3817 1269 3880 inter

215 3975 237 4034 1)
274 3972 355 4020 Caes.
375 3969 429 4020 bell
448 3971 496 4021 cr'v.
513 3972 542 4031 I,
560 3971 601 4023 76,
619 3998 653 4012 -
670 3975 744 4040 App.
762 3975 803 4023 43.

274 4057 355 4104 Cacs
375 4055 429 4105 cett.
449 4056 495 4105 ctu.
513 4058 555 4116 11,
575 4060 623 4117 23,
643 4060 682 4107 35.
700 4085 735 4098 -
752 4061 824 4126 App.
842 4063 883 4110 44.

274 4141 357 4189 Caes
377 4141 430 4190 tet.
450 4141 496 4190 cic.
514 4141 570 4201 III,
588 4142 637 4201 47,
656 4145 696 4192 48.
714 4171 748 4182 ·-
765 4146 837 4210 App.
856 4147 896 4195 61.

275 4226 357 4273 Caes.
377 4224 432 4276 tell.
451 4226 498 4274 cio.
516 4227 572 4285 III,
592 4226 677 4278 cati.
695 4255 729 4266 —
746 4230 818 4294 App.
838 4232 887 4289 61,
905 4232 945 4280 92.

276 4310 359 4358 Caes.
378 4311 423 4367 69,
443 4309 633 4360 71.-P1ut.
655 4312 724 4361 Caes.
743 4315 782 4362 39.
800 4340 834 4352 -ι
852 4316 923 4380 App.
943 4314 982 4364 62.
