2790 5152
687 244 728 308 12

136 440 323 506 statuendum
346 440 484 506 nonnihil
507 441 646 527 prodesse
671 442 839 507 existimare
862 442 943 508 velit
984 443 1087 508 Potius
1111 465 1250 530 propere·

135 571 201 614 mus
225 551 263 614 ad
286 551 463 637 scriptores,
481 552 531 636 qui
553 558 604 616 sut
620 552 729 637 integri
752 553 784 617 in
803 551 938 618 manibus
959 560 1043 633 sunt,
1059 559 1111 619 aut
1126 573 1252 638 quorum

136 659 240 723 saltem
269 661 354 746 plura
383 661 547 746 fragmenta
576 661 758 747 temporibus
783 662 996 748 superfuerunt.
1044 662 1159 744 Quibus
1183 685 1252 728 con-

135 769 264 833 ferendis
299 777 329 834 et
362 772 452 836 tutius
484 770 663 835 decernendi
694 778 724 836 et
746 772 889 837 iudicium
914 779 1047 838 nostrum
1071 771 1253 859 argumentis

136 879 253 944 idoneis
277 879 447 944 stabiliendi
471 880 557 967 copia
580 881 645 945 erit.

655 1118 735 1202 sc.

139 1304 256 1382 Malta,
279 1327 336 1370 acac
358 1305 453 1370 omniu
464 1353 474 1384 ‚
497 1303 583 1369 Io‘vio
605 1311 787 1388 moneam
801 1305 893 1390 refert
905 1305 1067 1388 Appianae.
1092 1343 1139 1357 -—
1163 1307 1255 1390 Saepe

226 1414 336 1497 ἐρίων,
359 1437 417 1480 own
439 1435 504 1480 uero
527 1414 650 1500 ubique,
672 1437 726 1479 suu
748 1438 764 1478 e
786 1413 872 1480 Isiuio
894 1416 1024 1480 Menace
1045 1417 1167 1482 uidebor.

242 1600 304 1665 Titi
325 1598 405 1666 Livii
420 1623 532 1666 nomen
546 1623 610 1666 non
625 1600 704 1686 apud
719 1600 890 1688 Appianum
908 1601 1024 1688 legitur.
1048 1601 1254 1668 Nihilominus

142 1733 208 1775 eum
230 1709 310 1775 houd
332 1710 420 1796 plane
443 1708 481 1775 ab
502 1711 642 1797 Appiano
662 1709 830 1795 neglectum
846 1733 910 1775 esse
934 1711 1097 1793 eredimus,
1121 1711 1255 1797 quamvis

141 1841 204 1884 non
226 1818 334 1905 ubique
357 1819 531 1885 adhibuerit.
568 1820 650 1884 Nam
666 1839 843 1885 consensum
866 1820 939 1886 adeo
963 1843 1104 1907 magnum
1126 1821 1159 1886 in
1182 1820 1255 1887 belli

143 1927 261 1992 socialis
285 1935 315 1992 et
337 1929 468 1994 Mariam
492 1929 675 1994 enarratione
699 1928 938 2010 observavimus,
962 1937 995 1996 ut
1017 1932 1189 2018 Appianum
1210 1930 1255 1996 ibi

142 2037 261 2103 Livium
283 2039 397 2103 iontem
421 2044 552 2102 secutum
576 2060 640 2103 esse
662 2037 710 2102 vel
734 2061 773 2103 ex
794 2037 903 2103 iisdem
931 2061 999 2104 cum
1021 2039 1107 2105 Livio
1131 2041 1255 2106 auctori·

143 2146 197 2212 bus
214 2170 267 2212 sua
281 2148 422 2213 sumsisse
437 2147 619 2213 arbitremur.
651 2146 749 2229 Quem
763 2153 862 2212 tamen
879 2168 1053 2213 consensum
1070 2149 1149 2214 haud
1163 2150 1254 2236 plane

143 2279 322 2342 cognoscere
345 2257 418 2323 sinit
439 2257 604 2323 miserrima
626 2257 705 2323 Livii
727 2257 888 2337 librorum,
908 2257 975 2323 illas
991 2281 1038 2323 res
1055 2261 1254 2341 nocentium,

143 2365 263 2431 iactura.
309 2366 515 2453 Epitomarum
544 2367 636 2454 igitur
664 2389 721 2454 ope
744 2389 836 2454 pauca
859 2367 949 2434 modo
971 2368 1098 2455 vestigia
1120 2370 1256 2456 indagari

144 2482 278 2562 possunt.
326 2476 469 2543 Similiter
497 2476 535 2542 ab
570 2478 607 2543 iis
643 2477 817 2562 traduntur:
853 2477 893 2560 Q.
924 2478 1041 2544 Servilii
1071 2479 1258 2565 proconsulis

145 2586 249 2652 caedes
272 2587 310 2654 ab
332 2588 507 2668 Asculanis,
531 2611 605 2675 quae
628 2587 700 2654 belli
723 2588 839 2654 socialis
863 2611 937 2653 ansa
953 2590 1067 2654 exstitit
1077 2590 1107 2675 l)
1118 2616 1128 2670 3
1151 2588 1259 2654 Aeser·

145 2699 263 2763 niama
286 2699 374 2763 sociis
397 2705 514 2786 captam
542 2722 605 2764 esse
620 2701 668 2784 2);
692 2697 805 2763 Nolam
835 2697 985 2763 coloniam
1019 2697 1052 2763 in
1080 2704 1259 2784 potestatem

147 2808 295 2872 sociorum
317 2809 433 2874 venisse
450 2810 482 2893 3)
493 2835 503 2888 3
526 2807 563 2873 L.
586 2807 643 2873 Iul.
667 2808 823 2872 Caesarem
845 2807 970 2872 feliciter
993 2807 1131 2872 adversus
1156 2807 1259 2873 hostes

146 2919 325 3007 pugnavisse
334 2919 367 3002 4)
376 2945 385 2997 3
402 2917 551 3002 quomodo
568 2916 606 2999 Q.
618 2917 746 3003 Caepi0,
762 2916 867 2981 Rutilii
882 2916 1012 3002 legatus,
1034 2917 1150 2982 insidiis
1167 2916 1257 2981 Pom·

145 3029 265 3118 paedii,
289 3028 420 3093 hostium
442 3026 541 3104 ducis,
564 3026 779 3092 circumventus
804 3025 844 3090 sit
859 3031 889 3090 et
904 3026 970 3091 fuso
995 3026 1123 3091 exercitu
1147 3027 1259 3091 cecide-

145 3140 186 3204 rit
200 3141 247 3225 5);
270 3137 419 3202 Romanos
443 3135 524 3200 bello
548 3136 651 3200 sociali
669 3135 799 3221 primum
813 3135 938 3201 libertos
957 3135 991 3200 in
1005 3135 1143 3202 militiam
1163 3137 1257 3202 admi-

147 3250 222 3314 sisse
236 3250 268 3334 6)
274 3274 284 3330 ;
308 3245 423 3312 Sullam
445 3244 500 3310 sub
524 3244 597 3310 belli
619 3245 710 3310 finem
731 3243 877 3332 Hirpinos
901 3245 1065 3326 domuisse„
1083 3245 1156 3312 hinc
1179 3245 1261 3312 Sam·

145 3359 223 3424 nites
245 3377 416 3444 aggressum
435 3362 465 3419 et
484 3353 590 3420 deinde
606 3353 644 3419 ad
660 3353 844 3420 consulatum
865 3354 1027 3442 petendum
1046 3355 1174 3421 Romam
1192 3378 1260 3442 pro-

146 3462 254 3533 fectum
285 3489 348 3532 esse
366 3466 406 3550 7).
452 3464 709 3548 Quemadmodum
731 3464 824 3545 haec,
856 3465 964 3552 quippe
992 3464 1108 3551 saepius
1132 3464 1260 3530 anullo

148 3579 206 3643 alio
231 3578 374 3665 scriptore
396 3574 505 3655 relata,
534 3575 690 3640 manifesto
714 3573 863 3661 probant,
887 3574 1058 3663 Appianum
1085 3597 1148 3640 non
1167 3596 1262 3661 pauca

182 3740 206 3800 1)
240 3737 303 3788 niv.
322 3753 360 3802 ep.
379 3733 645 3794 us.-u101.111‚
663 3734 704 3784 18.
729 3757 765 3773 ·-
790 3734 864 3801 App.
882 3735 924 3785 88.
940 3759 975 3775 -
993 3735 1079 3786 Oros.
1097 3734 1134 3795 V,
1153 3735 1201 3794 18,
1219 3734 1261 3800 qui

146 3828 227 3874 temen
243 3837 369 3889 perperam
385 3818 475 3869 multos
491 3817 593 3885 populos
610 3817 689 3868 coedis
706 3821 816 3868 unctores
833 3817 912 3869 hebet.

181 3908 206 3969 2)
239 3905 303 3956 niv.
322 3918 359 3969 cp.
377 3900 427 3963 72,
445 3900 486 3954 73.
502 3928 538 3942 -
562 3903 636 3968 App.
653 3902 704 3962 41,
728 3901 770 3967 qui
793 3905 888 3952 tentum
905 3903 987 3970 oppidi
1004 3901 1152 3954 obsidionem
1171 3917 1261 3953 memo·

144 3995 194 4043 rut.
212 4019 246 4028 —
264 3991 309 4040 off.
328 3989 416 4040 Oros.
434 3986 472 4048 V,
490 3987 522 4037 18
540 3989 564 4036 et
580 3985 721 4037 Freinsh.
738 3985 860 4046 uxum,
879 3987 919 4036 51.

180 4077 205 4139 3)
239 4075 303 4125 Ιιίν.
321 4089 358 4138 ep.
371 4070 537 4137 us-App.
554 4072 597 4122 42.
638 4070 735 4132 univ.
750 4086 787 4134 ep.
797 4066 1208 4138 ua.-App.42.-010aV,
1220 4071 1259 4120 18.

182 4162 207 4223 5)
240 4160 303 4210 Liv.
323 4175 360 4223 ep.
379 4155 419 4208 73.
436 4180 471 4198 ν·-
486 4156 558 4222 App.
576 4158 618 4205 44.
635 4179 671 4194 -
686 4154 812 4220 Eutrop.
829 4152 867 4214 V,
886 4156 909 4205 8.
937 4191 939 4195 ψ

182 4246 207 4306 6)
241 4244 306 4294 Ιιίν.
325 4259 363 4308 ep.
381 4238 422 4294 74.
439 4265 474 4282 ·-
490 4239 564 4306 App.
582 4242 624 4290 49.

184 4328 209 4392 7)
243 4329 376 4379 Sisenna
402 4343 444 4392 ap.
472 4321 539 4377 Non.
558 4342 581 4374 v.
600 4326 718 4392 protinus.
735 4349 770 4365 ι·-
796 4324 885 4375 Diod.
903 4323 1034 4386 XXXVII,
1052 4324 1075 4374 8.
1093 4323 1208 4374 -Lin
1227 4341 1265 4388 cp.

149 4412 189 4464 75.
206 4438 241 4456 ν-
257 4411 335 4464 Plut.
355 4408 417 4462 Sall.
437 4413 460 4462 8.
477 4435 512 4452 ι-
528 4411 601 4477 App.
621 4411 661 4462 51.
679 4433 713 4450 »-
731 4410 769 4472 (A.
787 4410 826 4471 V.)
845 4407 867 4458 d.
887 4427 909 4459 o.
928 4409 944 4459 i.
965 4405 1005 4458 75.
