2790 5152
638 233 702 296 108

114 430 170 492 atsi
208 452 300 508 raro,
325 431 390 516 ipse
427 432 552 518 scriptor
594 430 651 495 sibi
683 429 764 494 haud
804 435 919 494 constat
962 429 1078 515 sibique
1117 452 1225 517 repug-

114 545 167 602 nat
186 541 225 623 l).

212 648 406 714 Pervenimus
441 651 479 715 ad
515 649 604 714 aliam
636 649 767 735 Appiani
799 647 1048 714 consuetudinem
1097 672 1223 738 eamque

111 779 172 821 non
196 759 295 822 minus
319 759 547 844 improbandam
576 782 667 845 quam
691 782 804 823 morem
828 766 963 845 tempora
987 757 1083 822 obiter
1105 767 1224 827 tantum

111 873 141 930 et
162 868 274 952 passim
297 869 471 935 alcotandi.
518 870 607 935 Illam
631 870 757 956 scriptor
782 869 825 932 sic
848 869 1011 955 expressit:
1059 875 1150 948 „Kal
1179 875 1222 936 τὰ

109 976 254 1059 ὀνόματα
289 976 463 1062 Ῥωμαίοις
497 979 598 1045 πάλαι
633 984 693 1063 μὲν
723 976 763 1061 ἦν
798 978 857 1057 ἐν,
893 980 997 1063 ὥσπερ
1031 977 1222 1062 ἀνθρώποις

108 1083 249 1164 ἅπασιν,
260 1089 381 1172 ἑκάστῳ
398 1090 405 1105 ”
420 1090 500 1171 μετὰ
518 1087 552 1153 δέ
565 1138 574 1168 ,
589 1088 740 1169 ἐγένοντο
754 1085 832 1154 dila·
850 1093 904 1152 καὶ
922 1087 958 1152 οὐ
975 1083 1076 1162 πολύς
1093 1088 1220 1172 χρόνος,

109 1190 143 1265 ἐξ
169 1177 207 1254 οὗ
229 1197 283 1256 καὶ
305 1195 414 1276 τρίτον
441 1195 560 1279 ἤρξατό
585 1218 688 1273 τισιν,
714 1198 748 1271 ἐς
770 1196 964 1274 ἐπίγνωσιν,
990 1196 1177 1267 dentitione
1200 1198 1222 1274 ἤ

108 1297 221 1380 αρετῆς
250 1301 485 1382 προστίθεσθαι
508 1304 516 1321 '
542 1304 631 1366 καθὰ
652 1307 706 1366 καὶ
743 1305 810 1367 τῶν
834 1299 1004 1382 Ἑλλήνων
1031 1301 1140 1376 τισὶν,
1166 1301 1221 1363 ἐπὶ

108 1407 149 1470 τὰ
171 1408 334 1487 ὀνόματα,
370 1404 451 1489 ἦσαν
486 1391 678 1490 ἐπικλήσεις.
717 1389 814 1487 7Εγὼ
841 1405 898 1485 δέ,
933 1406 1000 1470 ἐστι
1032 1407 1092 1486 μὲν
1102 1450 1113 1483 ,
1137 1405 1221 1469 ὅπου

107 1517 162 1577 aral
182 1519 314 1580 πάντων
351 1516 579 1597 ἐπιμνήσομαι,
612 1519 668 1579 καὶ
693 1511 833 1597 μάλιστα
860 1515 912 1578 ἐπι
936 1515 1002 1577 τῶν
1026 1513 1218 1594 ἐπιφανῶν,

108 1625 139 1697 ἐς
169 1625 333 1706 γνώρισμα
364 1627 430 1689 τῶν
461 1620 602 1705 ἀνδρῶν·
634 1623 675 1685 τὰ
709 1603 743 1685 δέ
769 1618 875 1685 πολλὰ
908 1625 962 1684 καὶ
999 1621 1135 1693 τούτους
1159 1621 1216 1680 καὶ

107 1731 180 1805 τούς
202 1728 341 1809 ἄλλους,
366 1733 387 1793 ἃ
409 1733 594 1813 κυριώτατα
612 1734 770 1811 ἡγοῦνται
798 1730 1041 1811 προσαγορεύσω
1052 1726 1113 1806 2).”
1171 1722 1220 1786 Ex

106 1834 164 1928 hpc
187 1859 278 1921 pravo
302 1859 402 1913 more,
427 1814 517 1920 ouem
540 1836 737 1902 Drumannus
762 1834 827 1898 iure
844 1833 993 1919 vituperat
1009 1835 1063 1912 8),
1087 1831 1219 1919 primum

107 1951 208 2008 ortum
243 1951 287 2008 est
318 1944 375 2009 hoc
409 1945 655 2022 incommodum,
687 1943 771 2028 qnod
804 1943 933 2007 eundem
965 1943 1118 2008 hominem
1140 1941 1220 2006 varie

107 2052 255 2138 appellat,
279 2061 315 2117 ut
337 2054 380 2118 M.
397 2054 529 2119 Marium
553 2053 763 2118 Gratidianum
776 2054 825 2136 4),
850 2075 940 2137 quem
954 2075 1110 2138 perperam
1125 2049 1220 2130 „alte-

106 2186 174 2227 rum
205 2164 239 2228 C.
263 2164 418 2230 Marium”
434 2166 465 2246 5)
487 2164 589 2246 stj‚,0.
606 2163 739 2227 Marium
764 2161 973 2226 Gratidianum
987 2162 1037 2244 6)”
1060 2168 1161 2240 vocat,
1189 2167 1220 2224 et

107 2274 141 2338 0.
172 2275 321 2337 Marcium
345 2273 564 2351 Censorinum,
588 2294 678 2358 quem
701 2279 754 2337 aut
777 2273 978 2336 Censorinum
993 2273 1040 2357 7),
1064 2279 1117 2337 aut
1139 2273 1220 2337 Mar·

107 2385 187 2448 cium
201 2387 231 2466 8)
267 2385 422 2462 nominat,
452 2390 519 2449 tum
558 2383 638 2469 quod
667 2383 743 2448 duas
769 2405 928 2469 personas,
955 2405 980 2447 e.
992 2406 1021 2469 g.
1045 2382 1219 2461 Domitios,

107 2494 212 2558 eodem
238 2494 359 2559 nomine
382 2495 508 2580 insignit
521 2494 567 2582 9).
614 2495 729 2559 Verum
760 2501 790 2559 et
813 2493 863 2558 alii
886 2515 999 2559 errores
1022 2515 1060 2557 ex
1083 2491 1219 2557 socordia

106 2603 159 2669 illa
181 2606 396 2690 profluxerunt.
427 2606 476 2670 Sic
498 2605 534 2670 L.
551 2604 667 2669 Iulium
691 2605 846 2669 Caesarem
862 2626 924 2668 uno
940 2603 1007 2668 loco
1024 2609 1147 2688 excepto
1159 2602 1217 2687 10)

106 2722 250 2801 perpetuo
286 2717 353 2780 Sex.
378 2716 532 2781 Caesarem
547 2717 605 2800 11)
639 2715 731 2794 dicit,
755 2722 785 2780 et
809 2714 921 2800 Papirii
952 2712 1097 2779 Carbonis
1129 2711 1218 2777 colle-

107 2848 176 2910 gam
199 2826 233 2888 in
256 2825 430 2904 consulatu,
461 2826 614 2903 Marium,
642 2826 748 2890 vitiose
780 2824 852 2889 clari
887 2823 971 2888 illius
1005 2823 1095 2888 Marii
1118 2822 1216 2887 fratris

106 2935 203 2999 filium
239 2958 304 3000 esse
336 2936 486 3000 existimat
500 2936 581 3019 12),
615 2942 645 3000 et
680 2935 725 2999 M.
749 2934 913 2999 Lucullum
936 2956 1006 2998 cum
1028 2934 1064 2998 L.
1087 2931 1216 2997 Lucullo

106 3045 265 3110 confundit
284 3047 359 3133 13),
400 3052 430 3109 et
465 3045 611 3132 collegam
643 3043 778 3108 Marcelli
820 3065 974 3130 perperam
1004 3041 1135 3107 Paulum
1166 3065 1216 3107 vo·

159 3303 182 3361 1)
216 3302 253 3351 cf.
271 3302 372 3352 Drum.
390 3301 419 3360 1,
437 3318 460 3366 p.
474 3301 523 3350 210
541 3302 570 3349 dc
587 3299 622 3349 B.
640 3299 666 3350 0.
678 3299 731 3358 III,
751 3299 782 3348 58
800 3302 824 3347 ct
841 3297 869 3358 1,
887 3297 968 3363 pate
980 3300 1030 3346 not.
1040 3298 1073 3347 06
1091 3296 1120 3346 da
1132 3294 1166 3346 Β.
1188 3295 1213 3346 C.

105 3384 155 3444 IV,
175 3387 203 3444 6,
221 3383 249 3445 7,
271 3389 308 3435 14.
379 3388 403 3448 2)
437 3388 509 3452 App.
527 3386 606 3437 Praei.
629 3386 666 3434 13.

155 3469 180 3530 3)
214 3470 314 3519 Drnm.
334 3471 361 3530 l,
380 3489 403 3536 p.
423 3469 485 3530 378,
504 3474 555 3519 not.
575 3468 604 3520 71
627 3474 651 3518 ct
668 3468 722 3528 ΙΙΙ,
740 3485 764 3534 p.
783 3467 849 3527 708,
867 3470 917 3515 not.
936 3466 977 3515 38.

153 3555 180 3614 4)
215 3554 259 3603 Cff.
272 3555 465 3618 Hazeubcrg,
484 3553 514 3604 dc
528 3551 586 3603 Gaio
598 3553 695 3612 Morio,
711 3551 770 3603 Caii
780 3551 861 3602 Marii
868 3549 937 3612 filio,
949 3566 973 3615 p.
987 3547 1019 3600 72
1029 3553 1053 3598 ct
1063 3549 1166 3599 Drum.
1178 3549 1214 3609 11,

103 3653 127 3702 p.
145 3638 276 3697 lihnot.
295 3637 335 3690 07.
438 3641 465 3702 5)
501 3638 535 3688 B.
562 3636 632 3698 cl,
650 3639 691 3687 05.
763 3638 787 3698 6)
823 3633 1180 3697 cf.Sohweigh.a‹1h.1.
1273 3690 1275 3694 .

154 3720 179 3783 7)
214 3722 288 3774 B.C.
306 3725 331 3784 1,
350 3723 390 3792 71.
443 3725 467 3785 8)
494 3716 1214 3783 B.0.1,aa,90‚aa‚aa.-cf.strangulante

153 3809 178 3868 0)
213 3805 249 3857 B.
273 3805 416 3867 0.ΙΙ,76.
504 3808 544 3867 10)
579 3805 614 3855 Β.
636 3805 767 3865 c.1,7a.

139 3894 178 3952 11)
214 3891 247 3940 Β.
270 3891 295 3942 0.
314 3893 340 3951 1,
358 3892 403 3949 10,
421 3894 454 3940 48
472 3907 507 3955 sq.
525 3916 560 3929 ·-·
577 3891 615 3940 cf.
633 3890 803 3954 Schweigh.
829 3889 859 3938 ad
877 3905 897 3938 c.
916 3889 966 3947 40,
985 3892 1034 3947 48,
1054 3885 1094 3937 72.

137 3979 189 4038 12),
214 3975 249 4026 Β.
269 3976 335 4035 cl,
355 3973 441 4026 87*-
459 3975 588 4024 cff.1.iv.
607 3991 643 4040 ep.
663 3976 708 4034 863
726 3974 812 4022 Diod.
831 3973 889 4022 Sic.
908 3971 1050 4030 XXXVIII,
1070 3970 1212 4030 12;Ve11.

102 4063 166 4112 Pat.
200 4060 240 4119 ΙΙ,
279 4061 327 4119 20,
362 4060 447 4109 Plin.
482 4058 550 4109 Hist
585 4058 645 4110 Nat.
683 4058 802 4118 XXXIII,
836 4059 864 4117 53
894 4058 931 4119 (A.
958 4055 997 4119 V.)
1033 4053 1057 4105 d.
1077 4071 1099 4104 v.
1122 4055 1138 4104 ι’.
1166 4055 1212 4114 08;

102 4147 229 4211 Ilutrop.
258 4145 294 4205 V,
321 4152 352 4205 8,
380 4146 421 4211 qui
447 4162 529 4195 omnes
551 4145 658 4195 Marium
681 4144 779 4194 alterius
802 4143 876 4192 Marii
894 4142 972 4192 filium
989 4140 1099 4207 spurium
1116 4139 1212 4189 habant.

102 4231 164 4296 App.
182 4235 261 4281 autem
279 4247 333 4280 eum
351 4248 405 4280 cum
423 4231 502 4280 Mario
515 4231 653 4279 Gratidiano
666 4229 811 4279 confundere
823 4228 925 4277 videtur.
937 4252 972 4264 -
984 4227 1029 4276 Off.
1042 4224 1210 4288 Schweigh.

103 4317 132 4364 ad
150 4317 180 4376 1,
199 4313 238 4365 87.
261 4315 393 4365 Hazenb.
412 4333 435 4381 p.
455 4316 500 4374 26,
520 4312 551 4364 27
570 4319 594 4364 et
610 4315 703 4363 Duum
721 4314 761 4372 11,
779 4330 802 4378 p.
821 4314 886 4370 461,
904 4314 954 4361 not.
974 4307 1014 4360 07.

134 4402 174 4461 13)
209 4400 242 4451 B.
266 4401 291 4450 C.
311 4401 336 4459 1,
357 4401 412 4450 120.
431 4425 465 4441 ·-
483 4400 520 4450 of.
538 4398 651 4449 Ricdel
668 4396 722 4458 IV,
742 4414 765 4463 p.
785 4395 847 4458 117,
865 4400 916 4446 not.
