2790 5152
551 758 739 832 cAPn'r
785 758 831 830 V.

383 978 437 1049 De
458 976 625 1068 Appiani
653 974 795 1046 iudicio
817 972 1012 1045 historico.

589 1205 790 1232 ιιι-ο·-

238 1477 299 1567 Ne
322 1501 456 1586 iniquam
481 1499 657 1566 sententiam
681 1498 831 1575 feramus,
855 1503 922 1561 ante
947 1496 1048 1561 omnia
1071 1495 1251 1580 requiritur,

138 1619 173 1677 ut
194 1613 427 1696 investigemus,
463 1610 545 1695 quali
583 1608 695 1673 iudicio
731 1613 761 1672 et
796 1629 856 1692 qua
879 1614 940 1671 arte
966 1606 1068 1670 critica
1091 1607 1250 1692 Appianus

136 1745 211 1787 usus
235 1723 281 1786 sit.
317 1722 358 1784 Et
381 1721 512 1806 primunr
536 1719 659 1805 quidem
683 1718 835 1803 quaeritur
859 1717 895 1780 de
919 1717 1035 1780 delectu
1052 1717 1251 1802 scriptorum,

137 1854 227 1916 quem
242 1831 413 1895 instituerit.
436 1828 533 1894 Nobis
547 1835 646 1893 autem
670 1829 733 1892 eius
763 1827 861 1891 fontes
890 1825 1113 1912 explorantibus
1134 1826 1252 1911 egregie

136 1943 253 2027 patuit,
278 1963 346 2005 eum
369 1942 401 2004 in
424 1939 550 2003 testibus
568 1939 697 2003 citandis
716 1937 838 2002 minime
854 1938 1037 2022 frequentem
1054 1959 1128 2000 esse.
1151 1935 1251 1999 Nemo

137 2051 268 2138 profecto
293 2055 461 2136 exspectet,
485 2049 662 2113 historicum
685 2047 805 2111 nullum
827 2047 888 2111 nisi
904 2048 1031 2111 excitato
1048 2052 1123 2110 teste
1139 2045 1253 2109 facturn

136 2159 269 2246 prodere.
316 2159 424 2244 Neque
460 2159 548 2221 etiam
584 2158 641 2221 ista
664 2157 786 2241 religio,
810 2163 846 2221 ut
868 2155 1017 2241 praeclare
1040 2156 1252 2220 animadvertit

139 2268 389 2354 Wyttenbacbius
405 2269 451 2348 1),
490 2266 670 2352 postulanda
694 2271 757 2330 eret
779 2265 832 2330 illa
856 2272 950 2331 aetate
973 2267 1005 2329 in
1029 2264 1253 2330 conscribendis

138 2377 228 2443 rebus
252 2378 411 2455 Romanis,
434 2377 558 2440 minime
582 2376 642 2442 illis
659 2375 804 2441 abstrusis
822 2382 852 2440 et
866 2375 1043 2454 reconditis,
1060 2375 1112 2440 sed
1129 2376 1166 2440 ad
1183 2400 1253 2442 eum

138 2489 198 2552 iam
232 2487 359 2551 modurn
389 2487 605 2571 frequentatis,
637 2494 672 2550 nt
704 2486 859 2551 scribentis
895 2493 948 2550 aut
976 2508 1058 2550 error
1090 2492 1141 2550 aut
1168 2487 1252 2552 fraus

137 2597 224 2662 facile
247 2598 342 2661 teneri
366 2620 400 2661 ac
424 2597 602 2682 reprehendi
626 2603 737 2682 posset.
787 2597 845 2661 Sed
869 2597 1028 2682 Appianns
1052 2597 1251 2681 paucissimos

139 2731 155 2771 e
179 2708 240 2770 suis
264 2706 436 2771 auctoribus
460 2712 605 2770 memorat
636 2728 746 2791 eosque
770 2706 830 2770 fere
854 2707 975 2770 nonnisi
1004 2707 1105 2770 semel.
1142 2706 1249 2793 Neque

139 2817 197 2880 hoe
233 2839 298 2880 eam
329 2817 391 2880 vim
427 2815 536 2894 habet,
572 2822 607 2879 nt
637 2822 690 2880 aut
717 2816 836 2879 eosdem
859 2814 993 2900 ubique,
1018 2822 1155 2881 autnon
1179 2816 1252 2897 alios·

139 2932 256 3012 praeter
279 2925 334 2989 hos
346 2975 355 3004 ,
379 2932 431 2989 cut
454 2925 508 2988 ubi
531 2924 633 2989 nullos
657 2925 809 3004 nominat,
833 2925 876 2989 ibi
899 2925 1000 2989 nullos
1021 2932 1164 3011 sequatur
1184 2947 1250 2992 auo·

140 3040 276 3119 torest).
323 3036 361 3100 Se
385 3035 464 3099 enim
487 3057 549 3099 non
573 3035 643 3099 satis
668 3034 809 3100 babuisse
831 3058 927 3100 unum
951 3037 1113 3101 alterumve
1136 3043 1255 3102 tanturn

142 3146 326 3224 exscribere,
351 3146 477 3230 scriptor
503 3145 545 3209 ita
569 3143 715 3209 declarat:
740 3143 869 3225 »πολλὰ
892 3144 922 3211 δ’
939 3149 1031 3226 ἐστὶ,
1056 3151 1111 3211 καὶ
1135 3145 1252 3213 πολλοὶ

142 3253 314 3338 Ῥωμαίων
334 3255 370 3320 έα
387 3250 524 3329 πολλαῖς
545 3253 672 3342 βίβλοις
697 3256 781 3321 αὐτὰ
805 3257 1017 3342 συνέγραψαν
1042 3254 1092 3340 ἐφ’
1111 3261 1252 3338 ἑαυτῶν,

143 3360 238 3440 ὀλίγα
259 3360 293 3426 δὲ
311 3362 373 3442 ἐγὼ
398 3393 440 3406 -·
465 3363 519 3424 ἐπὶ
541 3361 719 3445 κεφαλαίου
743 3361 798 3427 διὰ
820 3364 856 3426 τὸ
873 3370 970 3446 μῆκος
990 3362 1199 3450 ἅναγράψω”
1213 3368 1254 3449 3).

145 3469 237 3550 Quod
268 3475 367 3533 autem
403 3472 510 3536 attinet
557 3472 595 3536 ad
619 3473 749 3561 pretium
785 3495 888 3536 eorum
923 3473 1113 3551 fontium,e
1143 3473 1254 3559 quibus

144 3579 275 3663 Appiani
298 3581 452 3645 materiam
483 3582 620 3646 haustam
644 3605 707 3647 esse
721 3585 771 3667 4),
797 3581 846 3646 vel
869 3583 934 3667 ipse
968 3583 1096 3663 indicat,
1121 3583 1169 3648 vel
1196 3607 1253 3650 nos

143 3688 313 3751 coniectura
337 3691 465 3753 assecuti
489 3714 616 3769 sumus,
640 3691 696 3756 hos
721 3692 797 3755 inter
812 3691 1039 3777 probatissimos
1056 3694 1253 3758 recensendos

144 3817 227 3873 esse,
251 3796 350 3882 palem
373 3800 554 3883 profitemur.
600 3802 749 3886 Aequales
775 3803 904 3865 maxime
928 3803 1062 3887 sequitur
1086 3809 1162 3868 teste
1183 3803 1252 3869 loeo

143 3904 197 3969 illo
209 3955 218 3984 ‚
242 3905 295 3969 ubi
319 3907 355 3971 de
378 3931 502 3974 numero
527 3912 681 3990 militum,
705 3913 757 3997 qui
780 3913 860 3997 apud
884 3912 1063 3977 Pharsalum
1095 3913 1256 3979 desiderati

146 4020 232 4092 sunt,
256 4018 438 4082 mentionem
461 4021 571 4085 faciens
596 4045 612 4086 e
635 4022 770 4108 Pompeii
786 4023 919 4086 exercitu
936 4024 1102 4088 secundum
1118 4045 1185 4102 eos,
1202 4025 1255 4109 qui

146 4123 292 4208 plurimos
327 4129 460 4209 tradant,
490 4133 596 4217 viginti
628 4133 762 4218 quinque
786 4133 880 4198 rnillia
903 4157 988 4198 caesa
1008 4157 1072 4198 esse
1096 4135 1186 4199 tradit
1198 4162 1207 4214 3
1231 4135 1257 4199 si

201 4338 226 4403 l)
263 4337 383 4390 Br'ttr'otb.
404 4340 462 4391 crit.
480 4342 539 4399 111,
557 4359 613 4406 pars
631 4343 658 4400 Ι,
676 4360 699 4408 p.
719 4345 759 4393 94.
829 4346 857 4400 2)
892 4345 955 4392 Ibid.

199 4422 226 4487 3)
260 4422 471 4482 B.0.1v‚1c.
542 4429 571 4490 4)
606 4427 755 4492 Vid-supro
778 4446 801 4494 p.
821 4431 864 4487 28,
884 4424 992 4485 atsto,
1012 4424 1054 4476 74.
