2790 5152
673 207 715 270 28

645 405 662 489 q
689 407 741 468 10.

166 621 246 701 Quid
266 624 301 686 de
324 623 453 704 Appiani
476 623 545 687 libri
562 624 656 706 primi
668 623 803 708 fontium
823 631 927 688 consul
939 672 948 702 ,
971 625 1094 689 breuiter
1117 626 1248 688 iteratur.

240 841 298 905 Sed
326 841 373 905 his
409 841 546 928 perlectis
578 841 682 906 merito
715 841 896 927 quaesiverit
919 842 1001 927 quis,
1026 865 1042 906 e
1066 840 1248 926 quibusnam

137 947 257 1014 taudem
273 950 469 1038 scriptoribus
484 952 659 1038 Appianum
676 974 731 1016 sua
754 952 935 1016 desumsisse
956 952 1096 1036 equidem
1120 950 1248 1014 credam.

137 1058 288 1144 Apparuit
303 1059 404 1140 enim,
417 1060 518 1125 omnia
533 1062 593 1125 tere
609 1083 646 1125 eo
664 1061 794 1139 ducere,
815 1067 851 1124 ut
867 1067 988 1146 putem,
1013 1081 1083 1124 eum
1101 1058 1249 1145 plurimos

139 1189 176 1230 ex
199 1167 256 1248 iis,
285 1191 361 1255 quos
391 1169 528 1248 laudavi,
563 1192 627 1234 non
649 1169 820 1233 contulisse.
876 1168 934 1232 Cui
965 1167 997 1232 id
1021 1169 1141 1253 roganti
1165 1169 1243 1233 nihil

139 1276 222 1361 quod
245 1279 439 1364 respondeam
473 1277 568 1343 habeo
580 1328 589 1357 ,
636 1278 696 1343 nisi
719 1277 806 1343 illud.
853 1277 1025 1342 Verisimile
1049 1301 1113 1343 esse
1136 1278 1247 1342 indica·

139 1386 190 1464 vi,
229 1388 403 1473 Appianum
449 1387 621 1466 Rutilium,
655 1387 869 1465 Posidonium,
901 1387 1023 1452 Livium
1075 1411 1244 1474 usurpasse.

141 1494 261 1559 Ceteros
286 1494 322 1559 ab
347 1518 381 1560 eo
398 1497 551 1582 neglectos
569 1520 649 1575 esse,
665 1497 747 1561 haud
770 1497 926 1583 perhibui,
951 1497 1003 1561 sed
1025 1497 1062 1562 de
1085 1498 1149 1577 his,
1173 1520 1248 1562 num

110 1590 113 1599 ’
139 1625 190 1669 eos
214 1605 384 1670 adhibuerit
393 1656 403 1685 ,
426 1629 489 1671 non
504 1606 618 1692 liquere
633 1608 759 1672 ostendi.
795 1608 902 1692 Itaque
919 1605 1088 1685 concludo,
1107 1608 1246 1671 maiorem

139 1721 252 1800 partem
276 1739 420 1802 operum,
444 1741 460 1782 e
484 1717 595 1802 quibus
618 1717 777 1803 Appianus
801 1740 856 1781 sua
879 1716 998 1795 hausit,
1023 1716 1178 1781 interiisse.
1215 1716 1248 1780 Si

139 1824 206 1909 quis
236 1826 330 1910 igitur
360 1827 488 1905 dixerit,
513 1850 559 1891 me
582 1827 716 1913 Appiani
739 1826 851 1891 librum
874 1826 1008 1911 primum
1030 1849 1093 1890 non
1117 1826 1155 1890 ad
1179 1848 1249 1890 suos

138 1935 274 1999 retulisse
289 1943 445 2014 auctores,
469 1959 517 2000 me
541 1937 751 2011 assentientem
767 1933 910 2013 habebit,
931 1935 1038 2000 sedne
1055 1934 1249 2000 obliviscatur

137 2064 264 2127 quaeso,
288 2045 320 2109 id
355 2046 460 2110 saltem
499 2068 554 2110 nos
582 2045 774 2130 cognovisse,
805 2067 951 2129 quosnam
982 2045 1080 2110 fontes
1103 2046 1247 2123 fortasse,

136 2173 281 2235 quosnam
316 2177 378 2218 non
408 2155 528 2233 adierit,
560 2161 590 2219 et
621 2155 709 2240 plura
732 2153 876 2218 hactenus
899 2154 1043 2238 praestari
1067 2176 1129 2218 non
1152 2176 1250 2239 posse.

137 2260 276 2326 Ceterum
299 2263 419 2328 assidua
442 2264 533 2329 huius
556 2265 625 2331 libri
644 2264 732 2329 lectio
749 2263 824 2328 mihi
841 2248 1005 2349 persuasit,
1021 2263 1161 2350 Appiano
1177 2264 1248 2350 plus

138 2369 306 2455 placuisse,
329 2395 425 2438 uuum
456 2375 633 2460 scriptorem
662 2375 699 2439 de
722 2396 754 2438 re
779 2373 907 2458 quadam
932 2373 1004 2437 satis
1021 2374 1141 2459 copiose
1162 2395 1251 2458 expo-

140 2487 260 2545 nentem
295 2484 402 2568 sequi,
437 2507 528 2569 quam
563 2508 619 2549 sua
657 2509 673 2551 e
708 2486 833 2565 multis,
862 2508 899 2549 ex
923 2482 982 2548 alio
1007 2483 1084 2562 alia,
1108 2490 1254 2568 tanquam

140 2589 247 2675 stipem
282 2593 429 2679 colligere.
476 2595 557 2660 Eum
587 2602 688 2661 tamen
719 2596 922 2661 narrationem
953 2617 969 2658 e
1002 2593 1162 2681 praecipuo
1195 2591 1251 2655 illo

141 2699 217 2765 duee
240 2703 363 2787 petitam
386 2727 603 2790 nonnunquam
631 2705 697 2770 aliis
723 2705 904 2790 quibusdam
932 2727 969 2769 ex
985 2703 1051 2768 aliis
1079 2701 1252 2768 auctoribus

141 2808 256 2876 haustis
293 2814 492 2899 adspersisse,
515 2822 671 2901 propterea
694 2815 775 2879 haud
799 2815 911 2881 infitias
935 2814 995 2878 ibo.
