2790 5152
682 227 724 289 96

48 432 51 439 ’
149 424 222 488 alios
250 427 399 511 Corcyram
422 425 532 512 legitur
552 426 598 509 l),
622 424 754 488 studiose
778 424 899 489 nomina
921 426 1117 512 geographica
1132 428 1258 512 antiqui-

147 542 196 598 tus
221 533 365 599 celebrata
382 557 452 598 cum
474 533 690 598 recentioribus
706 533 881 597 nominibus
905 535 983 599 solet
1005 536 1158 614 conferre,
1182 537 1259 601 sicut

147 643 265 708 Padum
281 667 350 708 cum
373 643 505 708 Eridano
524 647 571 724 2),
587 643 778 707 Pithecusam
794 665 863 707 cum
880 645 1009 709 Aenaria
1026 649 1073 727 3);
1100 645 1260 711 discrimen

146 755 223 817 inter
246 755 379 818 Africam
402 777 510 818 novam
535 762 564 817 et
587 760 716 817 voterem
748 755 816 817 data
843 777 931 840 opera
960 756 1082 841 exponit
1099 757 1147 839 d);
1172 757 1260 841 origi·

145 887 215 928 nem
231 863 360 932 nominis
384 864 582 927 Sittianorum
598 862 727 947 explicat
747 864 794 946 5);
811 863 992 947 Strongylen
1016 886 1108 928 unam
1131 887 1147 928 e
1171 865 1259 950 quin-

147 997 204 1060 que
235 973 343 1036 insulis
375 973 489 1038 Aeoliis
514 995 578 1036 esse
614 973 686 1036 dicit
704 975 744 1056 6).
791 973 882 1038 Recte
914 973 1108 1039 Drumannus
1139 975 1171 1038 in
1206 974 1263 1055 iis,

147 1106 222 1169 quae
247 1083 283 1147 de
299 1082 582 1148 Novocomensibus
607 1083 672 1146 iure
687 1082 768 1146 Latii
793 1082 912 1146 donatis
936 1083 1071 1169 disputat
1092 1085 1260 1170 Appianas,

145 1217 273 1258 errorem
297 1194 412 1258 notavit
432 1195 478 1272 7),
510 1193 563 1257 sed
587 1194 652 1256 iure
684 1193 772 1257 etiam
802 1193 880 1257 viros
912 1194 1015 1257 doctos
1046 1193 1258 1279 reprehendit,

144 1304 196 1388 qui
219 1303 350 1388 Appiani
381 1303 587 1366 testimonium
605 1305 653 1388 8),
690 1325 749 1387 quo
774 1310 893 1367 auctore
924 1304 1071 1367 triumviri
1103 1304 1135 1366 in
1165 1327 1259 1389 parva

143 1413 243 1477 insula
266 1413 351 1476 fluvii
366 1412 484 1476 Lavinii
499 1413 651 1497 congressi
668 1412 746 1490 sint,
772 1413 938 1478 reiicientes
962 1414 1000 1477 ad
1023 1435 1115 1478 vanas
1140 1413 1258 1478 coniec-

142 1528 226 1585 turas
250 1522 384 1606 refugere
408 1522 525 1586 malunt
543 1525 583 1604 9).
631 1521 718 1585 Idem
743 1544 812 1585 oum
847 1523 909 1586 viro
934 1522 1012 1586 doct.
1035 1523 1122 1587 Dorn
1146 1523 1257 1588 Seiffen

143 1631 334 1695 consentiens
366 1633 471 1695 merito
505 1632 729 1709 animadvertit,
765 1632 864 1695 solum
895 1633 1068 1718 Appianum
1092 1633 1124 1696 in
1147 1632 1255 1717 proelii

140 1740 178 1805 ad
202 1741 370 1825 Scyllaeum
395 1742 594 1827 descriptione
617 1764 728 1804 nomen
743 1741 886 1804 adiecisse
907 1744 967 1824 10).
1014 1740 1106 1805 Plura
1122 1739 1256 1826 diligen·

138 1852 197 1915 tiae
221 1852 392 1915 testimonia
416 1858 579 1916 occurrunt
601 1851 639 1915 B.
668 1851 699 1915 O.
723 1850 790 1928 IV,
817 1851 882 1928 72,
909 1853 984 1914 128.

241 1960 323 2025 Haec
348 1961 384 2024 de
408 1961 590 2047 geographia
606 1961 685 2024 dicta
709 1967 808 2025 sinito.
856 1960 947 2042 Quod
969 1959 1007 2023 ad
1031 1957 1257 2044 chronologiam

139 2070 268 2148 attinet,
300 2070 337 2134 de
372 2070 428 2134 hae
458 2071 500 2134 ita
530 2071 705 2155 Appianus:
742 2071 849 2146 „Tude
873 2068 906 2133 δε
932 2073 1092 2154 χρόνους,
1118 2071 1170 2132 ἐπὶ
1191 2071 1252 2150 μὲν

138 2187 236 2258 πᾶσι,
254 2181 401 2264 περισσὸν
418 2183 555 2262 ήγοῦμεν
577 2176 781 2257 καταλέγειν’
806 2179 858 2239 ἐπὶ
884 2173 917 2238 δε
942 2179 1007 2239 τῶν
1033 2177 1252 2256 ἐπιφανεστά-

139 2310 203 2351 των
236 2288 269 2348 ἐκ
295 2284 508 2368 διαστήματος
542 2289 713 2368 ὑπομνήσω
732 2286 804 2368 ll),
832 2281 941 2366 quibus
965 2280 1062 2344 verbis
1095 2281 1252 2366 perspicua

138 2391 283 2469 declarat,
319 2415 350 2456 se
382 2391 459 2455 hano
495 2393 686 2478 disciplinam
732 2415 839 2480 parum
875 2413 1002 2455 curasse.
1063 2390 1254 2475 Quapropter

138 2525 391 2588 supervacaneum
414 2503 490 2565 mihi
512 2502 628 2566 ridetur
651 2504 801 2589 inquirere
824 2502 856 2565 in
888 2500 1041 2586 exempla,
1066 2499 1176 2584 quibus
1200 2523 1251 2585 pa·

138 2618 215 2690 teat,
240 2620 388 2696 quaternus
417 2612 542 2697 scriptor
568 2613 776 2698 chronologiae
799 2601 912 2698 peritus
939 2611 1029 2674 luerit
1041 2659 1050 2688 ‚
1073 2631 1168 2695 eoque
1191 2633 1252 2674 ma-

138 2722 207 2806 gis,
243 2723 313 2807 quia
347 2722 467 2803 iamiam
498 2722 561 2786 eius
597 2722 785 2807 diligentiam
815 2722 871 2786 hac
906 2721 939 2784 in
974 2743 1006 2784 rc
1041 2719 1250 2804 investigaturi

139 2853 253 2895 sumus.

171 3721 193 3781 l)
227 3712 837 3783 B.0.1,ao.-cf.Sohweiguarh.1.
891 3721 918 3780 2)
953 3714 1080 3777 B.0.1,
1102 3717 1156 3767 109.

184 3804 209 3865 a)
243 3802 278 3853 Β.
298 3805 324 3855 o.
344 3805 380 3865 v,
399 3807 439 3855 aa.
509 3807 536 3858 a)
571 3799 783 3859 B.C.1V,5a.
853 3803 877 3863 5)
913 3799 947 3850 Β.
968 3800 994 3851 0.
1013 3800 1066 3861 ru,
1086 3804 1125 3849 ar.

183 3890 207 3950 6)
242 3887 382 3949 Rev,
404 3890 458 3938 106.
530 3884 554 3948 7)
589 3886 664 3950 App.
686 3882 718 3932 B.
739 3883 1127 3945 o.11,ao.-cff.ls00n.
1147 3881 1243 3934 iaPr‘r.

131 3989 155 4038 p.
174 3974 188 4023 3
207 3974 243 4022 ed.
264 3973 306 4022 Or.
326 3977 350 4022 et
366 3974 467 4022 Drum.
486 3971 542 4029 111,
561 3986 583 4034 p.
604 3969 669 4026 383,
688 3972 737 4017 not.
756 3971 797 4018 26.
884 3972 908 4030 8)
926 3967 960 4018 Β.
982 3968 1007 4019 C.
1027 3969 1083 4028 IV,
1102 3975 1125 4018 2.

182 4059 207 4118 9)
240 4057 343 4106 Drum.
362 4057 389 4114 I,
407 4074 430 4122 p.
450 4055 591 4113 359,360.

164 4143 205 4203 10)
240 4139 275 4189 Β.
290 4140 315 4190 C.
330 4139 638 4200 wau-cnorum.
653 4133 701 4194 IV,
714 4153 737 4201 p.
752 4137 800 4185 too
818 4140 843 4186 et
858 4138 944 4187 Dorn
962 4136 1050 4205 Sciit.
1066 4151 1089 4198 p.
1101 4136 1141 4194 63,
1153 4137 1203 4185 not.
1218 4139 1240 4184 l.

165 4229 204 4287 ll)
238 4226 309 4291 App.
328 4227 406 4275 Praof.
428 4225 465 4274 13.
487 4250 521 4261 -
545 4222 671 4288 Quodnam
689 4221 802 4269 damnum
820 4238 848 4269 ex
865 4221 968 4287 Appiani
985 4217 1097 4269 methodo
1123 4218 1241 4283 peculiari

127 4313 205 4359 toturn
228 4312 278 4359 eius
302 4326 361 4375 opus
385 4310 544 4367 contraxerit,
564 4307 657 4370 egregie
674 4306 778 4370 probant
795 4305 968 4368 Schweigh.
986 4303 1075 4352 Exere.
1092 4319 1117 4366 p.
1138 4306 1168 4350 12
1186 4318 1239 4367 sq.;

127 4394 247 4452 Ulrici,
269 4394 383 4446 Charcha
401 4394 443 4444 der
461 4403 512 4444 ant.
531 4393 603 4443 Hier.
620 4409 643 4457 p.
664 4396 712 4438 242
732 4395 755 4439 ct
772 4390 876 4454 Egger
893 4406 917 4453 p.
936 4390 984 4436 245
1003 4403 1037 4451 sq.
