2790 5152
680 202 721 264 14

232 397 290 462 His
315 399 457 487 exemplis
480 399 568 476 lecti,
586 397 711 463 Livium
734 396 873 483 Appiano
890 395 1003 460 fontem
1019 395 1167 461 exstitisse
1184 417 1257 459 con·

138 505 266 571 iicimus.
310 508 415 591 Quum
439 532 509 573 vero
533 508 639 572 Livius
664 507 811 593 quaedam
834 505 884 570 hle
907 505 1018 584 addat,
1041 506 1104 571 illic
1127 511 1256 592 praeter·

137 615 256 696 mittat,
282 618 392 696 verbe,
415 642 478 683 non
502 619 624 683 omnino
648 618 788 703 Appiano
813 621 973 694 consonet,
991 615 1081 680 simul
1098 615 1256 680 videmus,

137 747 199 789 uon
225 728 324 792 omnia
347 728 384 792 ab
408 729 548 815 Appiano
573 751 589 791 e
611 727 697 791 Livio
723 727 847 790 collecta
876 749 948 789 esse.
996 724 1169 790 Secundum
1191 727 1255 809 Ap·

137 836 261 921 pianum
286 837 406 902 Etrusci
431 846 460 902 et
484 837 609 916 Umbri,
632 838 671 901 ad
695 835 891 900 defectionem
909 840 1095 921 spectantes,
1110 833 1176 919 lege
1195 831 1257 897 lata

138 946 176 1009 de
200 947 334 1025 Italicis,
364 954 513 1033 quotquot
535 947 568 1010 in
591 947 650 1012 fide
673 945 926 1033 permansissent,
953 944 1068 1009 civibus
1092 941 1235 1008 faciendis
1246 990 1257 1020 ,

138 1056 318 1120 sententiam
350 1059 526 1140 mutanti).
573 1057 634 1120 Eos
658 1079 758 1120 revera
782 1055 924 1118 defecisse
947 1060 977 1118 ct
999 1075 1101 1118 caesos
1125 1075 1189 1117 asae
1212 1051 1256 1116 ait

139 1164 243 1228 Livius
262 1167 301 1248 2).
350 1167 399 1229 Sic
433 1166 538 1230 Livius
568 1165 736 1251 Sulpicium
767 1163 901 1248 aliosque
925 1163 1040 1248 legatos
1064 1162 1181 1227 Marsos
1199 1162 1231 1245 3)
1243 1209 1253 1239 ,

137 1274 297 1360 Appianas
322 1275 377 1339 Cn.
400 1274 578 1360 Pompeium
592 1277 646 1358 4),
685 1274 801 1338 Marsos
839 1279 869 1336 et
893 1272 1082 1336 Marrucinos
1106 1270 1248 1336 cecidisse

138 1384 239 1448 tradit.
286 1384 372 1448 Livio
403 1391 522 1448 auctore
561 1407 623 1448 non
659 1381 759 1447 solum
794 1383 982 1460 Cosconius,
1018 1381 1071 1446 sed
1103 1379 1251 1446 Lucceius

37 1482 43 1498 '
140 1494 289 1558 Samnites
321 1494 383 1557 acie
406 1482 496 1580 vicitl
533 1494 723 1577 Mariumque
757 1493 920 1577 Egnatium
944 1513 1047 1556 eorum
1074 1489 1182 1554 ducem
1204 1509 1252 1552 oc·

140 1592 214 1668 cidit
231 1606 270 1688 5).
318 1603 377 1667 Sed
408 1605 587 1689 Appianas,
622 1604 703 1668 idem
737 1604 849 1667 factum
885 1624 1055 1687 exponens,
1090 1598 1254 1664 Lucceium

141 1714 252 1778 omittit
264 1763 274 1792 ,
309 1713 407 1777 Mario
435 1714 565 1798 Egnatio
590 1712 762 1777 Trebatium
786 1711 943 1776 substituit
975 1733 1103 1795 eumque
1142 1707 1256 1794 proelio

142 1824 331 1909 superstitem
354 1823 447 1888 fuisse
463 1824 555 1888 tradit
568 1826 608 1906 6).
644 1798 799 1887 Praeterea
815 1845 851 1886 ex
867 1821 1005 1906 epitomis
1022 1825 1119 1906 patet,
1135 1819 1256 1884 Livium

141 1933 232 2019 plura
255 1954 450 2010 memorasse,
475 1933 512 1995 de
536 1933 645 2017 quibus
669 1933 828 2018 Appianus
852 1931 941 2018 plane
965 1931 1048 1994 silet:
1072 1930 1133 1994 Ser.
1158 1929 1257 2016 Sulpi·

144 2043 223 2107 cium
248 2040 396 2120 Galbam,
420 2065 437 2106 a
459 2041 590 2106 Lucanis
615 2043 883 2127 comprehensum,
906 2042 996 2105 unius
1020 2040 1145 2104 feminae
1166 2061 1256 2125 opera

145 2153 313 2236 captivitate
347 2159 497 2215 exemtum
524 2175 590 2216 csse
610 2154 640 2236 7)
652 2180 661 2231 3
684 2151 833 2237 proelium
856 2173 1034 2237 prosperum
1058 2149 1183 2235 Sulpicii
1200 2151 1253 2233 8);

144 2261 230 2326 Herii
257 2262 377 2340 Asinii,
409 2262 647 2327 Marrucinorum
679 2261 843 2347 praetoris,
880 2267 1006 2324 mortem
1020 2262 1051 2343 9)
1063 2286 1072 2339 ;
1111 2259 1233 2322 Marsos
1245 2307 1255 2337 ,

145 2371 258 2455 aliquot
292 2371 412 2457 proeliis
443 2373 576 2450 fractos,
606 2394 711 2459 pacem
733 2371 854 2458 petiisse
869 2373 922 2454 10)
934 2397 943 2450 ;
967 2369 1133 2454 Sulpicium
1155 2368 1254 2453 legem

144 2482 351 2568 promulgasse
383 2483 420 2546 de
453 2482 606 2547 exsulibus
637 2482 809 2547 revocandis
830 2483 883 2566 11)
894 2509 904 2561 ;
928 2482 1075 2546 Samnites
1098 2478 1253 2543 victoriam

143 2592 181 2657 de
204 2594 242 2657 A.
264 2591 383 2657 Plautio
406 2600 572 2678 reportasse
586 2594 661 2677 12),
685 2591 743 2656 alia
761 2592 823 2676 13).

245 2699 335 2782 Quod
372 2701 410 2765 ad
447 2709 542 2766 cetera
577 2701 697 2779 attinet,
721 2701 759 2766 de
782 2699 892 2786 quibus
915 2698 1072 2786 Appianus
1096 2697 1153 2761 hoe
1176 2695 1253 2760 libro

142 2810 216 2894 agit,
240 2816 293 2873 aut
314 2809 435 2874 Livium
457 2810 596 2897 Appiano
618 2812 651 2875 in
674 2811 722 2875 his
744 2809 946 2875 describendis
968 2830 1060 2894 parvo
1076 2807 1145 2872 usui
1160 2807 1254 2870 fuisse

142 2940 258 2997 censeo,
276 2927 328 2984 aut
343 2920 540 3006 epitomarum
555 2919 683 2985 brevitas
697 2919 809 3005 aliquid
822 2919 894 2983 certi
905 2918 1097 3004 pronuntiare
1108 2917 1253 3001 vetatld).

145 3029 184 3094 In
208 3029 412 3093 Gracchonum
436 3038 513 3094 certe
545 3031 613 3095 vitis
644 3030 856 3116 componendis
880 3028 1053 3114 Appianum
1077 3027 1170 3091 alium
1194 3025 1252 3091 sibi

142 3138 250 3202 ducem
285 3160 374 3223 quam
402 3137 543 3219 Livium,
578 3140 649 3204 viris
684 3139 744 3203 illis
766 3137 989 3224 iniquissimum
1005 3138 1080 3220 15),
1104 3136 1252 3223 elegisse,

140 3246 270 3332 probant
293 3268 362 3312 cum
384 3246 505 3326 laudes,
529 3247 639 3333 quibus
662 3247 820 3334 Appianas
846 3244 998 3310 Gracchos
1017 3245 1132 3331 passim
1148 3253 1252 3324 ornat,

174 3439 198 3499 1)
233 3438 416 3504 App.4a,50.
487 3439 511 3500 2)
537 3434 1250 3504 Liv.ep.74.-eff.r10r.111,lamosacum.

173 3524 197 3584 8)
231 3522 293 3571 Liv.
312 3538 349 3586 ep.
368 3520 408 3573 16.
480 3525 505 3584 4)
540 3524 723 3589 App.52.·-
741 3521 1014 3581 cf.r10r.111‚18.

173 3609 197 3668 5)
231 3605 409 3671 Liv.cp.75.

173 3693 197 3751 6)
233 3692 301 3757 App.
321 3693 362 3743 112.
386 3717 422 3731 ›-
445 3692 489 3744 Cff.
507 3691 656 3742 Drakenb.
683 3689 718 3740 ad
743 3689 799 3741 Liv.
818 3691 878 3751 l.l.;
896 3689 972 3741 Dur.
991 3687 1026 3739 ad
1042 3689 1108 3740 Flcr.
1127 3689 1183 3749 111,
1202 3689 1250 3748 18;

138 3774 304 3840 Schweigh.
323 3775 358 3824 ad
375 3776 441 3841 App.
460 3777 477 3826 l.
495 3777 511 3825 1.

172 3857 196 3920 7)
231 3859 293 3908 Liv.
312 3875 349 3924 cp.
369 3858 409 3911 72.
479 3863 503 3922 8)
537 3859 599 3909 Liv.
619 3875 656 3924 ep.
675 3857 715 3910 73.
784 3860 809 3920 9)
844 3859 1014 3908 Ibin-cf.
1033 3861 1104 3925 App.
1122 3860 1163 3908 40.

171 3943 213 4004 10)
246 3943 357 4010 Limp
383 3943 424 3996 76.
513 3946 553 4007 ll)
588 3944 652 3993 Liv.
672 3960 708 4008 ep.
728 3941 896 3994 77.-cic.
914 3941 950 3992 ad
965 3943 1070 3994 Harena.
1088 3943 1133 4001 ΙΙ,
1153 3943 1192 3992 28.

173 4026 214 4088 12)
248 4028 365 4094 Liucp.
385 4029 424 4078 80.

172 4112 214 4172 13)
249 4111 496 4177 Liv.cp.74,75.
532 4139 564 4149 ·-
599 4110 736 4162 carlus.
755 4109 823 4160 Mar.
843 4110 883 4160 33.
904 4109 967 4162 Sall.
987 4110 1010 4157 6.
1030 4107 1230 4167 0roa.V‚18.

172 4195 213 4255 14)
247 4195 302 4245 Hoc
329 4196 355 4245 iu
380 4197 464 4262 primis
491 4196 583 4245 obtinet
609 4196 633 4244 in
662 4194 763 4243 historia
785 4193 843 4243 belli
860 4192 991 4244 Sertoriani
1009 4194 1033 4240 et
1053 4191 1186 4255 Spartani,
1204 4192 1246 4240 ubi

135 4282 215 4327 tamen
232 4280 347 4343 quaedam
365 4280 503 4329 discrimina
520 4281 585 4329 cerni
602 4281 708 4344 possunt.

170 4365 211 4424 15)
246 4364 307 4412 niv.
328 4380 364 4429 ep.
385 4365 432 4423 58,
451 4365 499 4422 60,
519 4365 557 4413 61.
